2922 5268
649 256 870 324 ...15-

173 405 1411 539 mmmmmfflwwffim-

50 599 51 660 ᾗ
119 647 122 658 ¹
172 561 284 631 vollen
307 561 395 628 'lakt
416 560 509 648 (odor
532 557 701 663 l’erslues)
723 558 928 625 ausinacben
944 605 1081 625 .......
1093 557 1167 624 wir
1187 554 1336 622 eraclrten

50 697 52 714 >
173 667 233 736 das
256 667 392 757 Princip
419 667 479 735 der
506 666 614 734 Panse
643 665 692 732 als
720 685 762 732 au
785 663 1032 750 clmmktcrlsch
1062 663 1118 732 lllr
1140 661 1194 732 die
1216 660 1336 741 Pocsie,

50 857 51 872 χ
172 775 222 842 als
248 773 309 842 das
340 774 399 842 wir
428 794 544 861 wagan
578 770 746 851 erritobton,
779 771 893 838 diesen
924 771 1050 858 Begriii
1083 771 1170 837 arnob
1204 771 1259 837 lilr
1288 769 1339 836 die

171 883 363 970 prosaisolre
396 880 651 968 Kunstspraohc
683 878 719 945 in
746 877 925 966 Anspruclr
963 900 1004 946 au
1038 877 1195 946 nahmen.
1246 876 1340 946 Ohne

50 965 84 1052 Ν.
172 987 280 1054 Panse
311 985 404 1074 giebt
430 1007 466 1052 ee
495 985 576 1052 aber
605 984 703 1051 keino
735 983 864 1071 syllaba
892 1004 1045 1071 anceps«
1094 983 1170 1050 Hoc
1204 982 1341 1050 libenter

171 1093 333 1162 concedo:
357 1093 430 1160 sine
453 1113 560 1181 pausa
582 1113 652 1158 non
675 1096 725 1159 est
747 1088 877 1180 syllaba
898 1110 1031 1179 anceps.
1073 1089 1217 1159 Deestne
1240 1089 1340 1178 igitur

86 1219 89 1226 ’
170 1200 375 1267 lucratione
398 1198 554 1288 pedestri,
577 1198 774 1286 pracsertim
797 1198 832 1263 in
855 1217 1045 1277 numerosa,
1069 1198 1201 1285 pausa?
1223 1197 1341 1265 Nonne

101 1384 104 1392 ,
171 1305 316 1395 quodvis
347 1305 538 1374 membrum
568 1326 676 1394 pausa
703 1293 902 1372 tenninatur
930 1310 964 1372 et
991 1325 1013 1371 a
1041 1303 1158 1372 ceteris
1184 1303 1341 1372 membris

170 1413 234 1480 hoc
272 1412 448 1481 intervallo
482 1411 710 1499 disiungitur?
759 1411 880 1478 Nonne
914 1409 1004 1477 idem
1037 1411 1187 1500 Josephy
1220 1431 1341 1500 pauses

170 1520 323 1588 concedit
351 1518 492 1587 orationi
525 1517 670 1607 pedestri
700 1517 765 1585 alio
788 1516 1079 1586 commentationis
1109 1517 1181 1585 loco
1210 1541 1241 1606 p.
1269 1519 1348 1598 103,

170 1624 228 1692 ubi
251 1624 352 1693 haec:
386 1625 474 1691 »Dor
496 1624 607 1692 Hllror
629 1622 735 1690 ltlbltc
759 1621 845 1689 wohl
864 1621 934 1708 den
959 1620 1192 1711 daktylischen
1215 1622 1342 1712 Rhyth·

169 1754 256 1813 orus,
280 1732 406 1800 konntc
428 1732 509 1800 aber
531 1728 635 1800 sebon
657 1752 718 1798 etus
738 1731 816 1797 dom
832 1729 971 1798 Grande
994 1730 1116 1798 keinen
1139 1730 1344 1800 Hexameter

169 1838 421 1919 wahmclnnen,
451 1839 525 1906 weil
560 1859 596 1905 er
628 1837 723 1905 nicbt
753 1837 910 1924 gewobnt
934 1858 1010 1917 war,
1044 1837 1221 1905 innerhalb
1250 1837 1342 1905 enies

118 1949 120 1955 “
170 1943 291 2014 Venses
324 1944 458 2014 Puusen
487 1943 781 2024 wahrzunelnnen,
817 1942 878 2011 wia
909 1943 966 2012 sio'
986 1941 1022 2011 in
1052 1942 1113 2012 der
1135 1949 1343 2031 voryetrago

168 2074 234 2119 nen
272 2051 365 2120 Rode
403 2051 730 2138 notwcudigernciso
766 2052 853 2118 noch
886 2051 999 2137 jedom
1033 2051 1146 2120 Kolon
1179 2051 1342 2120 cintrcten

168 2166 336 2228 mussen«
384 2159 472 2227 Sunt
502 2157 605 2246 igitur
636 2179 772 2248 pausae,
805 2164 839 2227 et
868 2157 925 2227 ubi
953 2179 1089 2248 pransae,
1123 2157 1171 2227 ibi
1196 2155 1343 2246 syllabas

168 2288 240 2334 esse
268 2267 431 2358 ancipites
462 2266 530 2335 iam
561 2287 621 2355 por
651 2286 686 2333 se
719 2273 820 2355 liutet,
850 2267 915 2336 etsi
950 2288 1019 2334 non
1054 2266 1214 2335 nuditum
1243 2264 1343 2335 nobis

167 2381 263 2456 esset,
287 2375 370 2464 quid
393 2375 508 2443 Cicero
532 2373 573 2442 dc
601 2375 665 2442 bac
688 2395 723 2442 ro
747 2375 939 2444 censuisset.
987 2374 1054 2442 Hic
1076 2383 1189 2444 autem
1213 2373 1256 2442 de
1278 2375 1342 2464 syl-

166 2481 251 2564 laba,
276 2483 318 2551 de
340 2506 410 2572 quo
432 2504 523 2551 nuuc
546 2483 728 2571 quaeritur,
753 2481 885 2551 duobus
909 2481 989 2551 locis
1012 2482 1124 2551 vorbis
1147 2481 1342 2551 clanssimis

166 2589 314 2671 disserit,
354 2591 503 2681 primum
538 2590 574 2657 in
609 2589 699 2658 Omt.
730 2589 753 2679 ξ
782 2590 865 2658 214:
901 2589 1019 2684 ⁴anihil
1053 2589 1144 2657 onim
1179 2587 1221 2657 ad
1256 2611 1340 2672 rem,
1376 2655 1381 2664 ,

166 2707 315 2769 extrenra
337 2699 395 2768 illa
417 2698 517 2788 longa
539 2700 582 2768 sit
604 2723 646 2768 arr
671 2683 971 2782 brevisssdeinde
995 2699 1015 2768 l.
1032 2719 1059 2768 c.
1083 2697 1207 2790 §2172
1235 2697 1343 2768 »nihil

165 2807 256 2874 enim
272 2806 418 2886 interest,
434 2804 586 2894 dactylus
602 2807 645 2873 sit
659 2812 829 2875 extremus
844 2828 888 2875 an
905 2807 1057 2886 cautious,
1074 2807 1155 2895 quia
1170 2813 1342 2895 postrema

152 2912 303 2999 syllaba,
327 2910 438 2980 brevis
460 2935 504 2981 an
528 2912 629 3000 longa
643 2913 696 2994 sit,
719 2936 763 2981 ne
777 2913 813 2981 in
829 2935 928 2982 vorsu
945 2912 1086 3002 quidem
1110 2913 1239 2981 relect«
1277 2912 1342 2982 Sin

145 3107 147 3112 Δ
164 3039 245 3086 vero
267 3017 412 3105 Iosepby
427 3017 620 3085 Ciceronem
645 3019 709 3086 hac
724 3019 765 3086 de
789 3041 824 3086 re
840 3021 924 3086 lalso
939 3018 1143 3086 indicavisse
1158 3018 1341 3100 existimat,

165 3125 321 3212 equidem
352 3147 422 3192 non
452 3124 570 3193 dubito
599 3126 760 3206 confiteri,
792 3149 847 3195 nro
869 3126 1049 3207 Ciceronis,
1073 3125 1136 3194 viri
1161 3124 1343 3214 disciplina

81 3235 83 3239 ’
152 3237 198 3296 ct
231 3251 294 3297 usu
329 3230 453 3320 optime
487 3231 667 3313 exercitati,
697 3233 926 3301 auctoritatem
960 3232 1056 3321 sequi
1089 3233 1200 3314 malle,
1231 3251 1340 3318 quam

165 3336 365 3416 Quintiliani
387 3338 607 3426 aliorumque.
654 3325 782 3408 Censeo
804 3340 916 3428 igitur,
944 3349 1148 3429 postremam
1171 3337 1340 3428 syllabam

164 3440 344 3533 ancipitem
364 3466 439 3514 esso
462 3442 662 3514 habendam.

133 3565 137 3574 ·
270 3552 402 3628 Quibus
425 3553 583 3620 omnibus
598 3555 760 3641 expositis
783 3553 850 3622 iam
874 3553 986 3635 adid,
1010 3553 1102 3643 quod
1124 3553 1341 3643 propositum

164 3663 224 3741 est,
255 3654 509 3748 progrediamur
538 3663 640 3748 ablue
674 3656 954 3741 demonstremus,
992 3657 1163 3750 quomodo
1197 3656 1339 3726 Demos·

163 3766 281 3833 thenes
304 3764 454 3850 numeris
476 3771 592 3833 utatur
613 3765 649 3834 in
672 3768 821 3835 oratione
843 3767 1033 3857 Philippica
1054 3766 1172 3857 prima
1212 3764 1339 3856 Dispu-

163 3869 310 3949 tobimus
332 3875 446 3939 autem
462 3867 610 3958 primurn
626 3869 668 3939 de
684 3871 854 3953 numeris,¹
864 3870 928 3964 qui
947 3871 1036 3940 intra
1050 3891 1160 3939 unum
1173 3869 1339 3960 idemque

163 3984 339 4046 occurrant
353 3976 555 4059 membrum,
571 3999 657 4066 quos
675 3978 861 4064 »intentos«
888 3979 1056 4069 appellare
1079 3976 1193 4060 licem
1216 3984 1340 4068 postea

163 4081 205 4153 do
220 4084 272 4167 iis,
289 4084 414 4173 quibus
428 4081 581 4171 membra
594 4084 780 4176 iungantur
794 4092 829 4154 et
838 4105 924 4174 quos
942 4090 1135 4154 iextemos«
1153 4083 1337 4175 appellavi
