2922 5268
676 181 924 252 ..7..,

298 379 333 451 si
356 377 460 472 igitur
480 377 630 472 primum
653 379 890 451 intellexerunt
910 385 1050 461 veteres,
1072 399 1252 450 numerum
1277 388 1343 472 pot·

190 489 296 558 ticum
318 496 470 558 constare
493 489 693 577 aequalitate
716 487 966 578 particulatam,
990 485 1018 554 si
1035 485 1156 556 deiude
1177 489 1342 568 ultlnnaut,

104 631 114 640 ·-
190 617 260 663 non
282 594 486 663 intercedere
509 594 689 662 discrimen
712 593 800 662 inter
822 613 1002 661 numerum
1025 593 1194 682 riottticum
1226 601 1257 660 et
1282 615 1343 661 ora·

190 702 325 782 terium,
348 722 410 767 noe
433 721 501 766 non
525 720 705 795 quesumus
727 699 890 777 dubitare,
925 699 1009 786 quin
1047 699 1095 765 illi
1129 699 1198 765 iam
1232 699 1344 788 optime

190 805 417 894 cognoverint,
442 806 543 874 etiarm
567 827 745 875 mmmmm
769 804 952 874 omimium
974 812 1127 874 cornuue
1156 804 1269 875 aedom
1299 827 1344 874 oe·

190 912 351 1000 qualitate
385 911 625 1001 particularum
659 934 769 1000 nequo
804 912 898 980 alitor
932 918 1049 1000 puuuo
1080 933 1261 1000 quassemus,
1289 914 1345 981 etri

190 1017 284 1087 nulla
306 1017 404 1086 nobis
427 1017 550 1086 traditu
572 1025 684 1086 esseut
706 1016 897 1086 testimonia
919 1016 961 1085 de
984 1016 1047 1085 hac
1071 1038 1105 1084 rc
1136 1015 1218 1096 ulia,
1253 1024 1345 1106 utque

94 1210 97 1216 Ι
190 1110 278 1212 qnae
301 1147 404 1212 supra
426 1124 493 1191 iarn
518 1124 701 1192 attulimus.
748 1124 794 1191 At
815 1146 895 1191 vero
918 1146 987 1189 non
1016 1122 1139 1190 desunt
1168 1123 1349 1192 testirrronia

190 1239 224 1299 et
246 1230 416 1304 uberrima
438 1238 472 1298 et
492 1231 709 1316 gravissima,
739 1229 864 1320 quibus
894 1229 1049 1298 certiores
1079 1227 1148 1297 lieri
1179 1229 1348 1318 possimus,

164 1336 279 1404 ‘illiue
301 1336 419 1404 aeaeis
441 1335 531 1404 viros
554 1337 669 1405 doctos
692 1359 760 1404 non
776 1337 889 1404 ruiuus
905 1335 1054 1403 numon's
1068 1335 1230 1416 oratoriis,
1252 1357 1349 1424 quam

189 1442 327 1530 poeticis
350 1443 588 1530 aequalitatem
611 1443 703 1509 illum
726 1440 1012 1509 iuossouoluisso.
1062 1441 1141 1508 Jum
1164 1441 1350 1508 hrismtalos

190 1549 287 1617 Rhet.
313 1548 372 1629 ΙΙΙ,
396 1545 468 1638 oup'.
495 1549 522 1618 ΙΙ
538 1548 623 1638 (init)
646 1547 817 1638 praecipit,
842 1569 884 1616 ue
907 1547 1046 1616 metrica
1068 1546 1111 1616 sit
1125 1545 1240 1629 oratio,
1263 1547 1350 1638 quia,

112 1709 116 1720 ,
189 1655 353 1724 distrahat
375 1655 567 1724 auditorum
595 1656 830 1724 attentionem:
870 1664 1060 1745 »προσέχειν
1092 1655 1158 1746 γὰρ
1191 1673 1278 1726 aaut
1306 1661 1352 1749 aql

189 1760 303 1856 o‘polq,
327 1765 411 1834 πότε
433 1761 539 1835 πάλιν
561 1763 673 1855 istan«
710 1761 876 1851 Cognovit
891 1761 994 1850 igitur
1008 1761 1064 1829 hio
1078 1761 1131 1829 vir
1145 1761 1353 1832 doctissimus

189 1865 345 1956 perbene,
369 1889 548 1935 numanam
573 1890 641 1934 nou
666 1868 731 1934 nisi
755 1889 796 1934 ox
812 1866 1007 1954 repetitione
1024 1867 1261 1954 particulunrm
1284 1868 1352 1935 lieri

188 1974 390 2062 aequalium.
439 1975 528 2060 Ergo
551 1974 679 2062 respuit
701 1974 895 2043 Aristotcles
922 1973 1062 2042 orumno
1084 1994 1263 2044 numanam
1285 1997 1354 2044 ora·

188 2079 337 2147 terium?
382 2079 533 2160 Minime,
557 2101 636 2146 uum
661 2079 762 2169 paulo
784 2087 861 2169 post
883 2078 1027 2168 explicat
1049 2080 1147 2148 hacc:
1183 2082 1254 2151 »διὸ
1276 2087 1355 2173 prra-

187 2189 254 2275 μὸν
277 2190 329 2257 dat
348 2189 436 2276 ἴχιιν
457 2189 518 2258 adv
540 2186 649 2274 λόγον,
685 2199 805 2278 μέτρον
841 2189 877 2258 δὲ
900 2188 948 2276 μή
961 2207 968 2224 ·
993 2199 1121 2277 ποίημα
1156 2187 1221 2279 yolo
1254 2187 1355 2259 ἔσται.

145 2372 149 2381 ,
190 2295 324 2385 decula
339 2288 381 2364 ’δὲ
405 2289 450 2384 μή
474 2297 647 2388 depostulet
695 2290 798 2360 Aliud
832 2292 936 2381 igitur
971 2299 1069 2382 putat
1106 2315 1177 2362 csse
1200 2301 1356 2376 metrum,

166 2458 169 2465 .
187 2401 280 2467 aliud
296 2401 504 2489 rhythmum,
520 2409 687 2488 quantum
703 2401 841 2488 quidom
857 2400 901 2467 ud
915 2421 1023 2488 genus
1046 2399 1189 2469 attinet?
1225 2401 1356 2489 Nequa-

188 2527 304 2596 quam,
328 2529 407 2578 cum
431 2529 470 2578 oo
493 2506 567 2599 ipso
590 2506 661 2576 locu
684 2527 751 2577 uon
777 2504 907 2577 ‹lubitet
929 2526 1109 2575 numerum
1132 2506 1270 2575 delmire
1292 2505 1359 2576 hoe

188 2615 307 2682 modo:
335 2613 373 2684 »ὅ
397 2619 434 2686 δὲ
458 2625 517 2686 τοῦ
539 2613 701 2704 σχήματος
722 2623 779 2705 τῆς
801 2619 916 2697 λέξεως
939 2616 1235 2713 ἄριῧμόςγρνθμόε
1257 2617 1359 2692 ἔστιν,

188 2714 231 2794 ul
266 2734 323 2794 aut
348 2719 390 2806 sol
427 2733 530 2816 μίτρα
565 2749 681 2816 appe.
739 2720 933 2812 Rihythmus
967 2719 1070 2812 igitur
1103 2727 1153 2792 oet
1184 2742 1361 2805 utrmcms,

188 2827 376 2895 Aristotelis
399 2829 573 2895 sententia.
621 2830 773 2916 Quisque
788 2818 902 2895 uirtom
925 2850 1087 2896 numerus
1110 2830 1223 2916 plures
1246 2839 1363 2916 ptume

188 2933 363 3022 complecti
386 2932 495 3015 debet,
518 2957 664 3024 qusnrnr
693 2934 759 3004 aliu
790 2934 847 3002 ulii
882 2957 945 3023 pur
978 2934 1022 3004 sit
1050 2956 1184 3004 necesse
1207 2943 1268 3016 est,
1292 2934 1361 3018 vel,

189 3047 228 3107 ut
250 3040 347 3108 aliter
368 3042 542 3129 explicem,
566 3041 673 3109 cuivis
706 3064 847 3110 numero
876 3041 985 3110 inesse
1019 3040 1119 3110 debet
1151 3041 1362 3130 principium

105 3191 108 3198 -
190 3145 261 3214 sive
285 3147 545 3216 fundamentum
569 3145 757 3231 dividendi;
788 3156 890 3237 atque
914 3148 941 3216 si
973 3148 1151 3236 rhythmus
1181 3147 1364 3216 habendus

187 3259 238 3319 est
260 3275 432 3335 numerus,
455 3277 525 3322 non
548 3262 657 3344 potest
678 3277 747 3323 uon
770 3264 922 3325 constare
945 3276 986 3323 cx
1008 3254 1162 3343 pluribus
1184 3255 1365 3344 particulis

188 3358 334 3448 paribus,
382 3360 475 3430 Idem
515 3367 639 3443 autem,
672 3355 765 3451 quod
787 3351 1004 3444 Aristoteles,
1025 3361 1127 3430 etiam
1160 3362 1365 3430 Ciceronem

188 3467 458 3556 Dionysiumque
481 3469 523 3537 dc
545 3469 695 3537 numeris
718 3470 887 3538 censuisse
909 3469 978 3538 ianr
992 3477 1126 3559 tempus
1148 3477 1199 3538 eet
1221 3468 1367 3538 demon·

187 3583 300 3643 strare.
336 3575 449 3664 Atque
472 3576 588 3644 Cicero
610 3575 646 3644 in
662 3576 753 3646 Omt.
769 3579 793 3666 ξ
808 3578 849 3646 67
874 3577 1013 3665 exponit
1034 3577 1133 3645 haec:
1161 3575 1369 3665 »Quidquid

187 3688 239 3748 est
260 3681 361 3762 enim,
384 3679 477 3770 quod
499 3682 563 3750 sub
585 3683 719 3750 aurium
742 3705 936 3751 moneurum
959 3684 1108 3772 aliquam
1131 3683 1229 3764 credit,
1254 3682 1369 3750 etiam

186 3785 282 3856 abest
303 3811 325 3856 a
346 3808 445 3886 vorsu
469 3827 513 3839 —
536 3811 617 3857 nam
640 3788 675 3856 id
698 3789 836 3878 quidam
859 3789 1000 3858 oratoris
1026 3789 1219 3859 calvitium
1234 3827 1283 3839 -
1300 3811 1369 3856 nu·

189 3917 305 3967 merus
324 3902 474 3978 vocetur,
490 3896 550 3986 qui
565 3918 684 3984 graece
699 3899 827 3992 papa
843 3895 994 3965 dicitur«
1038 3897 1163 3965 Confer
1183 3883 1373 3984 praeterea

127 3990 145 4078 s
187 4000 497 4085 deerat.III,18t'›,
521 4003 580 4092 qui
603 4002 696 4072 locus
718 4002 843 4071 mirum
866 4002 902 4070 in
925 4003 1065 4072 modum
1087 4001 1258 4072 consentit.
1278 4023 1371 4070 curn

187 4108 251 4176 hoo
273 4109 374 4202 modo
395 4108 511 4178 allato:
539 4109 602 4177 »Et
624 4110 652 4178 si
674 4131 893 4192 numerosum
916 4117 966 4179 est
980 4109 1016 4178 id
1030 4109 1067 4178 in
1082 4107 1241 4178 omnibus
1265 4109 1373 4178 esurus

186 4223 288 4303 atrpm
321 4214 461 4286 vocibus
494 4215 587 4305 quod
620 4215 722 4286 habet
754 4216 920 4306 quasdam
946 4216 1184 4306 impressiones
1205 4223 1241 4285 et
1263 4215 1373 4306 quod

186 4320 296 4388 metiri
320 4341 501 4410 possumus
521 4320 707 4391 intervallis
729 4323 943 4411 aequalibus:
967 4329 1055 4390 recte
1076 4343 1185 4410 genus
1206 4319 1276 4390 hoc
1302 4343 1376 4390 nu·
