2922 5268
270 435 301 505 4.
337 436 478 506 Numeri
512 435 675 506 sermonis
709 434 882 525 pedestris,
914 433 975 524 qui
1006 456 1025 504 e
1054 433 1164 503 termo
1196 439 1230 504 et
1259 455 1347 502 eon--

164 543 334 612 secutione
371 544 600 611 membrorum
637 549 802 622 constant,
845 539 1046 610 divisionem
1078 563 1194 610 veram
1235 563 1328 628 soepe

163 649 328 740 operiunt
384 648 524 730 Divisio,
555 669 642 737 quse
674 667 834 716 numeros
862 647 1015 736 proprios
1046 646 1185 716 oratoris
1218 647 1328 736 aperit

164 762 215 824 est
235 777 324 824 vem

271 861 348 929 Non
380 861 513 948 minimi
544 861 629 928 mihi
652 860 785 928 videtur
811 882 883 956 esse
910 859 1073 928 indicium
1096 868 1263 952 quodum,
1290 861 1329 928 de

164 987 233 1053 quo
256 967 438 1035 rectissime
461 966 590 1035 Adums
613 966 633 1033 l.
658 987 685 1034 o.
710 964 843 1034 disserit
864 967 966 1034 bose:
1005 965 1200 1034 »Habemus
1221 971 1329 1034 eutem

141 1137 144 1144 ,
164 1071 201 1138 in
225 1071 289 1139 hoe
311 1072 436 1140 indieio
459 1071 578 1140 eodem
593 1079 743 1160 tempore
758 1071 1021 1140 instrumentum
1036 1077 1070 1140 et
1084 1073 1187 1139 tinem
1202 1079 1330 1140 nostroe

164 1179 431 1266 investigationis
446 1177 488 1248 de
509 1177 739 1248 membrorum
754 1177 945 1249 divisione«
983 1175 1211 1246 Membrorum
1233 1177 1332 1266 igitur

165 1284 285 1352 divisio
308 1291 342 1351 et
364 1305 585 1351 numerorum
600 1283 792 1352 constitutio
815 1291 886 1350 tem
908 1290 979 1350 erte
994 1284 1174 1352 eohuerent
1187 1283 1273 1351 inter
1287 1307 1331 1365 se,

130 1463 133 1472 ,
166 1397 210 1482 ιιιΙ
235 1389 340 1458 sltem
362 1390 435 1459 sine
458 1391 562 1459 altere
584 1397 672 1459 reete
695 1388 839 1459 diseemi
861 1395 1015 1478 nequeat.
1062 1388 1222 1458 Membris
1244 1389 1332 1458 enim

164 1502 252 1563 reete
278 1494 444 1563 distinctis
477 1496 548 1563 fieri
580 1517 649 1563 non
680 1502 804 1587 potest,v
831 1504 870 1563 ut
899 1494 1032 1562 numeri
1054 1496 1125 1564 veri
1156 1496 1281 1565 lateant
1301 1503 1333 1564 et

165 1601 315 1677 numeris
348 1609 437 1672 reete
459 1601 648 1671 eonstitutis
670 1600 900 1671 membrorum
922 1599 1043 1670 divisio
1065 1600 1150 1669 feles
1171 1621 1243 1670 esse
1265 1622 1331 1669 non

163 1713 281 1796 potest
320 1707 434 1776 Nihilo
457 1708 571 1775 minus
586 1709 689 1776 etiem
703 1715 813 1787 estere
831 1707 876 1776 ad
890 1708 979 1776 hune
993 1728 1065 1775 rem
1080 1706 1334 1776 discemendum

163 1813 298 1895 indicio,
333 1836 421 1902 ques
455 1835 559 1902 supra
589 1815 773 1896 attulimus,
808 1835 877 1882 non
901 1835 973 1883 esse
1004 1812 1212 1902 neglegenda
1233 1821 1332 1902 putet.

164 1917 259 1999 Ques
281 1941 361 1988 vero
383 1919 473 2006 leges
496 1941 602 1988 onnes
625 1919 654 1988 si
676 1925 764 1987 reete
787 1939 978 2008 sequemur,
1011 1939 1073 1988 nos
1094 1939 1210 1987 veram
1232 1940 1334 1986 mem·

164 2024 301 2092 brorum
317 2024 518 2092 divisionem
532 2046 698 2112 verosque
720 2046 880 2094 numeros
902 2025 1099 2094 inventuros
1114 2046 1186 2094 esse
1201 2046 1335 2113 spemre
1369 2099 1372 2104 ,

163 2151 353 2218 possumus.
836 2219 837 2224 Ἰ

271 2253 367 2332 Quos
389 2276 468 2323 eum
500 2255 560 2362 ito⁸
576 2255 651 2324 sint.
686 2254 729 2323 od
761 2276 833 2323 rem
862 2254 1068 2343 propositam
1101 2253 1170 2322 inm
1196 2255 1337 2343 propius

163 2358 376 2439 secessimus,
410 2359 459 2427 ito
492 2367 531 2427 ιιι
563 2381 655 2428 nuno
689 2359 917 2428 demonstrare
951 2359 1130 2447 possimus,
1165 2359 1337 2448 quomodo

163 2465 407 2536 Demosthenes
433 2467 582 2537 numeris
606 2489 688 2536 usus
710 2466 811 2535 sitin
833 2464 983 2534 oratione
1004 2465 1194 2555 Philippico
1214 2465 1335 2556 prima.

76 2587 79 2592 ·
163 2571 250 2638 Oum
283 2579 397 2639 eutem
428 2574 494 2641 elia
526 2572 683 2660 periodus
716 2572 799 2640 elios
833 2569 991 2659 praebeat
1023 2593 1192 2652 numeros,
1227 2575 1337 2641 faeere

163 2699 233 2744 non
250 2763 252 2767 .
267 2699 458 2765 possumus,
486 2678 570 2765 quin
593 2677 861 2772 unumquodque
889 2676 1081 2746 membrum
1103 2677 1292 2746 seiunctum
1315 2700 1339 2746 e

163 2781 291 2861 ceteris,
326 2790 480 2850 accurate
514 2782 765 2870 perlustremus,
797 2781 950 2849 ordinem
982 2789 1171 2870 sequentes,
1204 2783 1265 2871 qui
1298 2783 1338 2850 in

163 2887 312 2954 oratione
343 2887 419 2974 ipse
449 2895 507 2955 est.
554 2888 595 2954 Iri
623 2894 717 2955 textu
743 2894 857 2955 eutem
879 2886 1114 2956 constituendo
1136 2888 1339 2976 plerumque

164 2991 268 3060 secuti
302 3014 420 3061 sumus
453 2993 634 3061 editionem
668 2975 924 3060 Dindonionam
958 3014 980 3061 e
1012 2993 1141 3061 BIossio
1171 3000 1337 3076 ιιιιιιιιιιιιι,

163 3097 263 3186 (Lips.
279 3099 376 3190 1885)
398 3120 503 3188 equa
517 3120 695 3189 nunquam
710 3098 820 3168 eeusis
835 3120 905 3168 non
920 3097 1094 3188 explicetis
1108 3099 1337 3169 discessimus.

270 3293 296 3395 ᾗ
318 3296 346 3362 1.
396 3296 423 3363 1.
449 3301 494 3365 Εἰ
512 3303 576 3381 μὲν
597 3307 673 3390 περι
695 3301 815 3369 καινοῦ
828 3319 914 3376 τινος
929 3296 1123 3388 πράγματος
1142 3298 1341 3389 noodstdsr'

163 3393 286 3492 or'vdpsc
307 3404 490 3493 Ἀθηναῖοι,

270 3530 309 3592 Ιιι
333 3525 486 3595 membro
508 3527 618 3624 primo
640 3526 751 3597 varies
773 3525 938 3597 hebemus
961 3526 1129 3608 lectiones,
1157 3547 1235 3595 eum
1258 3526 1340 3597 Par.

167 3630 267 3715 297⁷,
297 3653 445 3723 quocum
467 3634 634 3704 consentit
655 3633 756 3704 Prise.
780 3633 907 3705 XVIII.
932 3634 997 3729 299
1019 3632 1143 3702 trudet:
1178 3636 1342 3728 προδτιθ.

167 3789 265 3809 .....
279 3759 431 3823 onorem
455 3742 526 3810 eod.
551 3743 641 3812 Mon.
665 3742 757 3811 Porr.
779 3740 855 3810 Ald.
872 3741 1032 3828 Hermog.
1057 3763 1089 3830 p.
1108 3741 1192 3822 265;
1216 3743 1341 3835 reposit.

165 3840 321 3935 λέγεινίἷ
341 3849 414 3920 Ἀθ.
460 3847 620 3940 Hermog.
645 3872 677 3938 p.
704 3849 784 3932 1493
819 3848 930 3918 Αιιοιι.
954 3845 1046 3916 VIII.
1071 3847 1146 3918 655.
1175 3843 1344 3936 Vulgom's

164 3941 261 4022 leutio
288 3958 339 4022 est
372 3955 484 4046 noodr.
509 3948 546 4026 «I.
570 3953 605 4022 d.
625 3956 698 4025 Ἀθ.
722 3957 837 4042 λέγειν.
884 3950 1055 4042 Ambigua
1082 3959 1133 4021 est
1160 3948 1222 4034 res,
1254 3973 1343 4022 oum

164 4085 275 4154 neque
297 4080 431 4137 σκοπιιν
452 4083 563 4153 neque
585 4065 692 4152 λέγειν
712 4059 940 4137 necessarium
962 4060 1014 4132 sit.
1060 4057 1209 4132 Blossius
1231 4057 1346 4152 igitur

165 4170 261 4239 uneis
292 4169 415 4237 edditis
444 4173 551 4258 λέγειν
572 4191 593 4237 ιι
615 4168 732 4237 esteris
764 4167 905 4238 secludit
933 4175 1035 4258 etque
1067 4189 1130 4256 ego
1152 4168 1345 4239 delendum

165 4298 236 4346 esse
267 4276 332 4346 hoe
352 4275 556 4356 vocobulum
577 4295 707 4358 censeo,
737 4295 806 4364 quo
828 4271 941 4345 deleto¹
965 4272 1076 4345 exitus
1104 4272 1344 4345 membrorum

168 4384 197 4466 l,
229 4372 315 4468 Η
349 4405 447 4474 poros
478 4384 566 4453 fiunt
597 4379 609 4476 (
609 4413 846 4440 -----
857 4381 923 4474 0).
977 4382 1067 4452 Nem
1085 4387 1140 4474 Ιιιι
1170 4381 1208 4450 In
1241 4382 1345 4452 exitu
