2922 5268
578 230 880 299 ¹-1s-

183 431 330 517 peritum
351 427 522 495 artificem.
569 427 646 506 Qua
672 425 715 493 de
747 448 782 494 re
805 433 977 514 praeterea
997 423 1234 517 gravissimum
1256 423 1346 491 nobis

184 534 354 614 traditum
367 538 418 602 est
440 531 669 601 testimoninm
693 529 863 600 Ciceronis
886 530 921 599 in
945 529 1036 602 Orat.
1058 527 1083 619 ξ
1105 529 1190 598 200:
1224 527 1261 597 ld
1282 527 1345 619 (sci.

183 660 363 707 nurnerosa
385 637 605 726 concinnitas)
627 647 740 704 autem
764 638 854 704 bons
874 637 1052 723 disciplina
1074 635 1270 716 exercitatis,
1291 635 1347 722 qni

183 753 217 815 et
232 745 339 815 multa
353 744 547 836 scripserint
558 749 591 812 et
602 764 836 834 quaecumque
848 741 949 812 etiam
965 741 1038 811 sina
1054 741 1185 832 seriptis
1196 739 1348 824 dicarent,

183 855 307 922 similia
328 855 529 943 scriptomm
552 842 733 933 effecerint,
756 874 826 920 non
849 851 912 919 erit
933 848 1199 919 diliicillirnnrn.«

289 1191 367 1262 Alia
399 1199 513 1261 antem
546 1193 614 1261 iam
642 1198 751 1261 exstat
781 1191 948 1281 quaestio,
983 1191 1041 1259 nbi
1075 1189 1256 1259 adhibendi
1285 1192 1351 1259 sint

183 1301 327 1383 numeri,
348 1306 462 1368 utrum
473 1301 510 1369 in
525 1300 684 1369 clausulis
701 1299 808 1369 solum
826 1299 1007 1389 initiisque,
1031 1320 1074 1366 an
1090 1297 1212 1367 in'toto
1226 1299 1350 1390 periodi

182 1409 322 1478 ιιιιιιιὶιιι.1
369 1409 445 1477 Hac
467 1409 509 1477 dc
533 1431 568 1476 re
596 1409 763 1478 uberrime
795 1409 863 1476 iam
895 1407 1052 1476 dissensit
1073 1407 1222 1476 Blassius
1252 1414 1352 1496 atque

182 1515 293 1584 causis
328 1515 408 1586 satis
439 1515 544 1584 firmis
578 1514 826 1605 comprobavit,
864 1514 947 1582 alios
984 1515 1158 1582 affectasse
1196 1535 1352 1584 numeros

182 1624 373 1708 Isocratem,
396 1625 479 1692 alios
503 1623 774 1692 Demosthenem.
821 1621 949 1691 Omitto
970 1612 1035 1691 hoc
1064 1622 1137 1690 loco
1161 1623 1353 1712 tribrachyn

181 1755 203 1800 a
225 1733 451 1801 Demosthene
474 1732 634 1814 vitatum,
667 1731 710 1801 ab
733 1732 877 1799 Isocmte
908 1730 1094 1799 admissum
1118 1738 1151 1800 et
1171 1729 1353 1820 dactylum,

181 1863 284 1930 quem
307 1841 362 1909 hic
384 1842 532 1928 effugere
555 1839 683 1921 studet,
706 1839 762 1907 ille
784 1837 922 1907 adhibet
944 1846 977 1907 et
999 1838 1042 1906 ad
1065 1838 1197 1908 tertiam
1221 1833 1353 1908 transeo

181 1947 416 2029 ‹lifferentiam
440 1955 601 2036 quaeest
622 1948 791 2029 maxima,
827 1947 869 2015 ‹le
904 1969 973 2036 qua
1002 1945 1151 2015 Blassius
1182 1947 1224 2016 ‹le
1257 1969 1351 2016 nmn.

182 2055 280 2124 Isocr.
305 2077 336 2147 p.
359 2055 397 2123 ln
417 2055 513 2125 haec:
541 2054 636 2123 »Non
659 2053 695 2122 in
718 2053 877 2123 clausulis
900 2053 1069 2144 usquein
1092 2052 1197 2123 initiis
1219 2059 1352 2124 tontum

181 2163 461 2232 Demosthenious
495 2184 657 2231 numerus
691 2161 804 2232 sedem
843 2160 960 2244 habet,
994 2160 1054 2230 sed
1091 2167 1162 2230 tota
1201 2161 1353 2232 membra

180 2271 335 2361 pervadit
349 2276 383 2339 et
397 2270 504 2360 fingit,
528 2270 622 2339 nulla
639 2275 733 2360 parte
749 2268 872 2352 inlicta,
896 2290 983 2359 quae
998 2267 1171 2339 incondita
1185 2277 1351 2340 inanest«
1395 2287 1398 2294 ’

106 2439 108 2444 ,
181 2377 281 2457 Quod
311 2398 415 2466 cluam
445 2398 565 2446 vorum
596 2377 654 2457 sit,
685 2383 802 2465 postca
834 2375 1156 2457 demonstrabimum
1186 2398 1278 2445 nureo
1307 2377 1355 2448 vi·

181 2484 331 2566 decanus,
356 2482 439 2572 quid
463 2484 578 2553 Cicero
610 2483 652 2552 de
682 2483 746 2553 hec
769 2506 804 2552 re
826 2482 1040 2574 praeceperit.
1086 2489 1124 2552 ln
1156 2483 1356 2557 universum

180 2591 283 2678 igitur
297 2591 326 2658 is
342 2590 424 2659 dicit
439 2590 530 2659 Orat.
551 2591 670 2680 §lt-⁹1:
698 2590 783 2658 »Sed
806 2611 894 2679 quaa
917 2589 1050 2658 incisim
1065 2596 1125 2658 aut
1139 2591 1356 2666 membratim

180 2700 377 2780 efferuntur,
401 2719 442 2766 ea
464 2699 518 2766 vel
540 2693 714 2790 aptissime
737 2696 854 2766 cadere
877 2695 1031 2766 debent«
1383 2777 1386 2784 Ι

287 2804 460 2896 Improbat
469 2813 588 2899 *numm
603 2804 719 2875 (licem
735 2825 904 2888 numeros,
920 2804 979 2896 qui
995 2804 1031 2873 in
1046 2803 1205 2875 clausulis
1220 2810 1358 2874 ιιιιιιιιιι

145 2989 150 3000 ,
180 2921 375 3005 appareant,
399 2915 491 3005 qnod
514 2915 626 2986 verbis
649 2901 868 3004 apertissimis
890 2920 985 2983 notat
1012 2914 1032 2984 l.
1057 2935 1085 2985 c.
1108 2915 1132 3004 ᾗ
1157 2913 1238 2984 199ι
1265 2913 1359 2984 »Pte

163 3022 280 3110 ‘rique'
300 3022 392 3091 enim
414 3031 562 3106 censent,
596 3023 715 3092 cadere
744 3030 878 3091 tanturn
901 3043 1079 3091 numerose
1109 3029 1261 3112 oportere
1293 3028 1360 3090 tar·

180 3129 370 3221 minmique
393 3131 605 3213 actitantium,
640 3131 702 3200 Far
720 3135 844 3212 autem,
868 3129 956 3198 ulid
971 3129 1119 3198 maxims
1134 3127 1260 3213 (laceat,
1283 3151 1360 3199 ιιοιι

180 3236 216 3307 id
238 3239 356 3310 solum.
397 3239 580 3312 ΡοιιοιιιΙιιι
603 3246 654 3312 est
676 3236 766 3310 enim
790 3235 845 3310 ille
868 3235 1026 3323 ambitus,
1049 3259 1119 3308 ιιοιι
1134 3235 1359 3312 abiiciendus.

97 3354 100 3361 '
181 3347 294 3429 Quare
325 3370 404 3420 eum
436 3372 534 3422 aures
568 3357 756 3420 extremum
792 3368 926 3440 sculpet·
956 3347 1216 3440 exspectantia
1245 3369 1361 3440 eoque

180 3457 405 3550 acquiescant,
439 3458 473 3528 id
501 3479 620 3532 vacare
650 3478 792 3530 nutriero
820 3479 889 3529 non
919 3463 1066 3550 oportet,
1097 3455 1157 3528 sed
1185 3455 1230 3527 ad
1261 3456 1362 3529 hunc

181 3566 307 3641 exitum
332 3574 489 3642 ιιιιιιοιιιι
519 3565 685 3664 prittoipio
707 3559 796 3640 ‘teni
831 3565 931 3640 dohet
963 3564 1143 3640 verborum
1175 3563 1233 3640 illa
1265 3586 1362 3640 oom-

67 3746 76 3776 ,
180 3675 358 3767 prehensio
381 3683 415 3748 et
436 3684 506 3749 tota
523 3677 668 3770 cespite
690 3676 739 3748 ita
760 3678 873 3762 fluere,
897 3684 936 3748 ιιι
951 3675 996 3748 od
1010 3683 1198 3750 extremum
1212 3676 1364 3751 veniens

180 3784 255 3878 ipsa
290 3783 479 3858 consistat«
536 3784 670 3858 Tertius
703 3783 850 3879 dariique
879 3783 975 3858 alleri
1009 3792 1118 3880 potest
1148 3783 1259 3872 locus,
1294 3785 1364 3879 qui

180 3893 282 3984 paulo
308 3898 385 3984 post
407 3893 552 3963 occurrit
573 3893 593 3963 l.
610 3893 677 3983 cg
699 3895 784 3964 2082
808 3893 836 3962 si
859 3891 1063 3986 (quaeritur),
1086 3893 1257 3984 adquam
1281 3915 1363 3965 ram

100 4079 102 4084 ,
180 3999 381 4070 adhibeatur
402 4022 574 4085 numerus,
589 3993 591 3997 '
607 4000 920 4096 (respondendumlt
950 4000 993 4073 ad
1016 4000 1290 4087 delectationem
1329 4001 1364 4074 si

181 4107 336 4196 quando:
372 4126 521 4198 semper:
553 4099 598 4191 si,
630 4129 699 4198 qno
731 4109 821 4180 loco:
858 4109 895 4180 in
917 4115 987 4180 tota
1008 4109 1260 4180 mutinuationo
1283 4131 1365 4181 ver-

180 4212 332 4283 boruma
379 4215 507 4285 Notum
530 4221 644 4286 autem
667 4223 747 4299 est„
766 4238 835 4287 non
860 4239 902 4288 ex
924 4211 1088 4302 Isocrate,
1122 4216 1182 4289 sed
1204 4217 1365 4288 maxims

154 4343 223 4390 ex
256 4321 483 4394 Demosthene
516 4323 670 4394 hausisse
702 4323 898 4396 Ciceronem
935 4326 1068 4418 regulas
1103 4326 1178 4397 illas
1211 4324 1253 4396 de
1288 4347 1365 4397 usu

180 4451 409 4504 numeroram.
472 4433 508 4508 ui
541 4435 820 4510 Demosthenieos
856 4433 961 4527 igitur
996 4435 1141 4531 reperire
1177 4435 1366 4510 studemus
