2922 5268
477 248 827 320 '2-19-

129 448 222 540 quod
244 448 436 518 membrum
458 447 560 517 etiam
582 446 679 516 aliter
700 445 805 516 dividi
829 453 953 536 potest:
977 441 1029 518 lira
1044 448 1155 520 lustra
1177 455 1240 540 μὲν
1254 477 1298 506 =

129 559 244 631 πάντα
268 555 357 650 νὸμῳ
378 567 479 626 emax
498 555 504 646 Ι
522 582 610 626 rut«.
655 555 759 643 §862
794 552 877 626 ηὸτι
905 564 964 625 καὶ
992 556 1086 648 νεαροὶ
1109 563 1168 628 τοῦ
1188 567 1244 627 eut
1266 569 1303 627 τί

128 695 173 725 -·-
203 672 264 746 (τι)
294 665 443 747 λαβόντα
470 677 507 736 τι
533 665 585 734 det
611 679 754 743 ποιιτνι,
789 659 848 731 ubi
876 661 999 732 iterum
1029 683 1107 752 pare
1137 660 1300 753 posterior

128 792 199 839 ιιιιιι
221 769 349 858 syllaba
371 775 470 838 aucta
492 776 550 838 est
574 769 612 857 ’β
633 769 693 838 38:
721 764 791 840 »δἐι
814 772 867 840 ter
885 771 959 852 τούς
982 773 1094 860 ὀρθᾶς
1107 801 1152 828 =
1167 773 1298 865 πολίμφ
1379 819 1381 826 ,

128 887 327 977 xcoptmcce
353 875 467 964 (longa
488 893 549 962 pro
571 872 685 963 brevi).
728 874 751 962 ξ
771 874 832 942 41:
861 873 957 945 »octe
981 873 1045 966 πρδ
1069 881 1137 946 τῶν
1158 876 1298 967 stauraci

128 1013 173 1041 =
194 1010 260 1054 των
280 983 563 1075 προορᾶτόυόινι.
602 979 756 1048 Fortasse
778 979 968 1084 hic‘afferri
990 981 1068 1049 licet
1081 981 1182 1050 etiam
1196 981 1220 1068 ξ
1233 982 1297 1049 49:

132 1091 189 1160 »oc
211 1100 323 1180 pena
344 1088 393 1177 μοὶ
416 1086 473 1158 Δί’
496 1086 581 1161 obeo
602 1117 647 1146 ==
669 1075 913 1180 προαιρεῖσθαι
927 1085 1119 1179 πράττειν,
1148 1086 1207 1156 ubi
1229 1109 1299 1156 una

128 1199 262 1263 tantum
291 1193 402 1262 brevis
426 1199 510 1287 ,πρῶ
534 1199 717 1282 usurpatur
745 1193 930 1284 prolonga
953 1197 1020 1275 ,oct
1067 1193 1223 1282 Denique
1244 1193 1298 1260 hie

129 1300 292 1390 exemplis
322 1297 538 1368 annumerari
569 1297 668 1367 debet
697 1299 721 1388 ξ
750 1300 812 1369 50:
850 1298 992 1371 »evoca
1014 1306 1089 1384 ἴσως
1113 1302 1298 1384 ἀναγκαπ

92 1499 95 1508 1
129 1405 312 1498 σθησὸμιθ’
338 1403 423 1476 atiud
447 1424 585 1478 uocata«.
632 1403 717 1474 Alia.

235 1531 413 1603 Sinullimo
436 1531 557 1602 deinde
589 1528 691 1602 modo
725 1529 895 1600 interdum
928 1531 1072 1602 efficitur
1092 1531 1301 1602 concinnitas

128 1660 309 1710 numerosa
339 1639 486 1738 intema,
520 1638 549 1707 si
579 1637 770 1707 membrum
799 1637 836 1706 in
865 1637 950 1708 duas
972 1637 1177 1728 disiungitur
1201 1639 1301 1729 porti·
1342 1726 1346 1736 Ι

126 1748 231 1830 culae,
254 1768 341 1836 quae
365 1745 482 1816 eodem
506 1745 644 1836 quidem
667 1753 747 1815 sunt
768 1745 909 1829 ambitu,
932 1745 991 1816 sed
1014 1745 1185 1816 diversum
1208 1756 1334 1838 prae·

127 1853 211 1923 baut
240 1854 366 1944 pedum
391 1853 564 1934 ordinem
598 1859 636 1920 ut
665 1874 749 1940 ag,
794 1855 880 1943 §tiz
918 1853 1302 1945 »centenariones

129 1962 306 2040 diduoa=
327 1969 385 2033 soc
407 1957 567 2085 πρᾶιιιιν
589 1958 611 2050 ἢ
632 1960 727 2046 ἄγειν
749 1960 915 2052 ἡσυχίαν(
916 1993 1300 2020 νννννννν

105 2071 219 2126 ’--ν
242 2100 287 2128 =
307 2100 791 2126 ----------
794 2067 815 2160 ),
850 2068 919 2152 ubi,
953 2067 1077 2138 omisso
1108 2067 1302 2138 discrimine

64 2255 70 2265 .
128 2175 186 2244 illo
217 2175 305 2245 iuter
336 2165 463 2264 primae
496 2175 737 2264 particularum
760 2176 915 2266 syllabas
938 2175 1043 2245 altera
1065 2176 1187 2244 finitur
1202 2174 1301 2244 ditro

128 2283 242 2364 chaeo,
266 2283 370 2350 altera
393 2281 596 2351 choriambo.

674 2443 751 2602 ge.

196 2733 203 2745 -
237 2689 354 2758 Restat
376 2709 478 2771 nunc,
502 2696 541 2757 ut
556 2689 597 2758 de
620 2689 739 2758 ultimo
761 2687 894 2758 numeri
916 2689 1039 2759 interni
1054 2709 1176 2778 genere
1191 2689 1304 2779 dispu·
1335 2738 1338 2744 -
1404 2716 1406 2720 ¹

129 2807 248 2869 temus.
295 2797 403 2866 Multa
425 2797 515 2866 enim
539 2805 620 2867 eunt
641 2798 814 2880 membra·
838 2818 984 2887 quorum
1005 2796 1103 2868 initia
1125 2798 1304 2889 exitusque

131 2912 287 2976 accurata
309 2905 523 2975 continentur
546 2904 769 2995 responsione.
804 2906 893 2974 Nam
915 2905 1177 2976 Demosthenem
1200 2905 1303 2976 etiam

124 3003 193 3108 ¹boc
210 3011 312 3083 ruodo
327 3013 494 3094 orationes
509 3034 691 3082 numemsa
705 3011 930 3083 concinnitate
946 3034 1107 3082 exornare
1123 3011 1302 3096 studuisse,

129 3126 275 3213 plurima
294 3122 463 3194 docebunt
477 3122 642 3213 exempla,
665 3144 811 3214 quorum
827 3145 867 3193 ea
888 3128 1020 3192 tautum
1043 3119 1216 3193 afferenda
1229 3143 1304 3194 esse

129 3232 255 3324 censui,
288 3253 375 3322 quae
409 3230 566 3302 facillime
597 3230 641 3300 ab
670 3230 879 3302 auditoribus
906 3230 1024 3301 audita
1045 3252 1117 3302 esse
1140 3238 1173 3301 et
1203 3253 1304 3301 sorrsa

129 3347 247 3431 putare
282 3339 473 3410 debeamus.
526 3341 639 3422 Quare
674 3362 714 3410 ea
746 3339 879 3430 neglexi
914 3339 1076 3423 membra,
1108 3341 1145 3410 in
1177 3339 1303 3432 quibus

129 3448 324 3537 aequalitas,
348 3448 391 3518 da
406 3471 475 3539 qua
496 3472 588 3520 nuuc
610 3449 731 3538 agitur,
755 3455 901 3540 quatuor
915 3455 1047 3518 tantum
1062 3447 1304 3540 complectatur

130 3556 290 3645 syllabas,
318 3578 527 3646 quamquam
557 3557 673 3645 negari
705 3557 833 3646 nequit,
855 3557 956 3626 etiam
980 3556 1144 3625 eiusmodi
1167 3579 1302 3645 respon·

129 3664 249 3748 siones,
273 3663 458 3733 dummodo
480 3685 524 3733 ne
546 3662 648 3732 nimis
663 3664 802 3753 longum
819 3670 906 3733 esset
919 3662 1120 3744 mambnun,
1143 3669 1178 3732 et
1191 3661 1302 3733 audiri

129 3773 277 3860 potuisse
300 3777 334 3840 et
364 3771 496 3839 auditae
528 3793 609 3840 esee.
656 3771 814 3840 Continet
835 3779 948 3840 autem
971 3770 1048 3860 plus
1071 3778 1217 3860 quatuor
1238 3770 1302 3860 syl·

129 3879 222 3949 labae
246 3878 330 3948 baec
351 3877 546 3969 aequalitas
570 3899 658 3969 quae
679 3877 768 3947 inter
788 3877 924 3946 initium
938 3877 1135 3967 exitumque
1149 3877 1301 3947 eiusdem

129 3988 272 4058 membri
294 3973 479 4070 intercedit,
502 3986 556 4056 bis
578 3993 712 4058 nostrae
727 3985 887 4057 orationis
909 3986 1007 4056 locis:
1030 3987 1089 4076 §1
1113 3985 1301 4056 secundum

128 4096 288 4166 orationis
310 4095 501 4165 membrum
524 4095 653 4185 aliquid
675 4096 741 4165 tale
763 4093 916 4187 praebet.
951 4096 1115 4186 »ἐπισχων
1129 4094 1174 4168 ἂν
1188 4101 1247 4178 ἕως
1269 4101 1301 4167 ot

129 4206 271 4275 utera·
293 4227 362 4277 oros
394 4208 461 4277 miv
481 4205 659 4275 eract=
687 4231 753 4278 των
778 4205 911 4297 γνώμην
937 4204 1171 4295 απιφῆναντοι
1199 4200 1302 4295 (v-

123 4341 218 4373 .-·υ
219 4343 340 4368 w·-
344 4311 440 4404 -.-)
490 4312 575 4401 §2-
614 4307 652 4382 ’i'
681 4310 747 4407 γάρ
777 4314 846 4384 ἔστι
876 4322 1003 4398 χιι-ε
1033 4333 1143 4404 onom
1171 4311 1209 4383 ἰιι
1240 4317 1303 4384 uc

129 4421 255 4513 παρεὶς
270 4449 314 4478 =
329 4419 470 4515 iudom
484 4421 620 4516 xqo'vcct
639 4417 720 4512 (νυ
733 4455 776 4471 -
786 4451 824 4476 ν
839 4417 913 4513 -);
936 4418 1012 4509 ὅθι
1032 4421 1301 4514 »παραδείγμασι

110 4537 111 4542 ,
1156 4525 1192 4585 ²,
