2922 5268
697 231 896 304 ...9.-

318 430 574 523 Oomparandus
597 438 648 505 est
669 430 816 526 denique
838 431 942 517 loeus,
958 454 1060 527 quem
1083 427 1214 525 reppen‘
1235 429 1269 504 in
1288 416 1364 503 libro

64 647 65 654 ἵ
114 561 120 580 “
197 540 253 611 'de
276 551 357 612 oret
382 543 442 625 111,
465 543 488 633 fi
513 543 592 626 1983
616 542 675 613 ubi
698 543 843 634 explieat
864 543 993 624 Cicero,
1028 564 1097 625 nen
1131 543 1240 612 selum
1270 541 1366 632 ipsius

211 651 329 719 aetatis
352 650 507 722 homines
532 651 687 732 sensisse,
711 651 739 720 si
763 651 846 741 quid
868 650 904 719 in
923 651 1073 719 oratione
1094 649 1299 731 claudicaret,
1313 649 1366 718 sed

211 759 314 829 etiam
338 759 492 842 maiores,
516 759 579 830 etsi
600 758 787 830 doluissent
808 760 906 841 vires,
930 757 1139 828 affectavisse
1172 764 1283 826 tamen
1312 779 1366 826 nu·

147 955 151 967 Ι
210 887 381 934 merorum
404 856 674 936 concinnitatem.
722 867 832 936 Ιυσιιε
854 874 968 935 autem
990 873 1041 935 est
1062 865 1133 934 bie:
1169 865 1299 954 »Itaque
1323 864 1368 933 illi

98 987 100 998 '
211 980 350 1054 veteres,
375 974 462 1042 deut
484 974 585 1042 hodie
608 974 709 1041 etiarn
733 973 913 1042 nonnullos
928 973 1093 1053 videmus,
1110 993 1188 1040 eum
1203 971 1369 1040 eireuitum

212 1087 246 1146 et
267 1081 365 1166 quasi
388 1080 503 1147 orbem
527 1080 708 1148 verborum
731 1083 893 1148 conficere
915 1102 984 1148 non
1008 1087 1146 1168 possent
1241 1100 1315 1146 ιιιιιιι
1335 1078 1369 1145 id

212 1185 351 1275 quidem
375 1208 486 1277 nuper
506 1186 560 1255 vel
583 1207 691 1276 pesse,
714 1185 915 1256 valendere
938 1185 1110 1276 eeepimus
1133 1223 1177 1236 -
1205 1190 1297 1253 lema
1316 1190 1371 1252 arrt

211 1291 292 1359 bina
314 1300 374 1360 aut
396 1292 550 1359 nonnulli
573 1292 707 1376 singula
729 1294 830 1360 etiam
854 1292 957 1360 verba
978 1291 1150 1360 dicebant:
1182 1291 1242 1379 qui
1263 1291 1297 1357 in
1318 1289 1373 1357 illa

211 1395 355 1464 infantia
388 1398 533 1466 naturali
567 1393 668 1478 illud,
704 1398 797 1486 quod
829 1419 928 1467 aures
962 1397 1140 1465 hominum
1174 1393 1372 1484 flagitabunt,

64 1563 77 1574 ,.
143 1569 146 1575 ,
211 1500 395 1569 tendebant
418 1510 542 1582 umen,
566 1509 605 1569 ut
627 1510 662 1570 et
683 1503 745 1570 illa·
762 1511 874 1571 essent
898 1503 1002 1592 paria,
1033 1523 1120 1589 quae
1151 1501 1309 1578 dicerent,
1342 1509 1374 1568 et

212 1607 410 1695 aequalibus
432 1607 760 1695 interspirationibus
782 1616 964 1677 uterentur.
1004 1608 1138 1675 «Cicero
1160 1606 1262 1692 igitur
1291 1607 1373 1673 utlir·

210 1721 282 1783 mat
303 1714 367 1783 hoe
389 1714 475 1796 loeo,
505 1714 573 1782 iam
612 1714 770 1804 antiques
793 1713 965 1784 Romanos
998 1713 1210 1795 intellexisse,
1238 1711 1281 1780 ad
1302 1734 1375 1820 eon-

212 1820 394 1921 ficiendum
416 1829 551 1908 gratum
574 1823 738 1890 sermonis
760 1843 882 1890 sonum
905 1823 926 1890 i.
943 1844 971 1890 e.
996 1843 1175 1889 numerum
1200 1819 1376 1908 particulas

95 1927 97 1930 ’
209 1926 414 1995 necessarias
437 1948 508 1994 esse
531 1926 704 2015 aequales;
729 1950 817 2018 quae
839 1927 964 2018 opinio,
1000 1933 1112 1996 utrum
1147 1947 1228 1995 vera
1262 1925 1305 1993 sit
1331 1947 1377 1993 un

209 2033 304 2112 falsa,
328 2032 413 2100 nihil
442 2033 596 2113 interest,
632 2033 816 2102 dummodo
853 2035 937 2102 illud
976 2042 1160 2113 teneamus,
1184 2033 1379 2102 Ciceronem

210 2137 323 2227 ipsum
358 2137 443 2207 nihil
483 2161 554 2207 esse
589 2160 748 2209 numeros
782 2141 972 2231 putavisse,
1010 2139 1076 2209 nisi
1108 2137 1379 2208 eoniunetionenr

210 2244 449 2334 particularum
473 2245 676 2334 aequalium.
715 2247 844 2316 liudem
867 2255 981 2317 autem
996 2246 1100 2320 fuisse
1122 2246 1288 2315 sententis
1301 2245 1381 2313 Dio·

209 2351 357 2440 nysium,
385 2352 518 2421 duobus
552 2353 833 2424 demonstravisse
856 2355 937 2424 loeis
960 2353 1120 2435 sullieiat;
1151 2351 1298 2442 primum
1331 2352 1380 2419 ai·

207 2457 343 2526 fereda
371 2480 481 2547 eomp.
505 2459 596 2528 verb.
622 2481 693 2549 esp.
722 2461 761 2528 ll
785 2460 878 2551 (inl),
915 2461 973 2528 ubi
1007 2461 1106 2529 haee:
1143 2470 1229 2531 Neai
1263 2463 1300 2530 dt
1333 2461 1380 2529 τὰ

208 2561 384 2643 α’νὸλσυθα
409 2567 598 2638 α’πσόυῦναι
620 2569 830 2658 πειράσομαι,
863 2576 934 2651 παῖς
967 2568 1012 2639 ἂν
1044 2579 1170 2653 γένοιτο
1203 2569 1290 2648 λέξις
1321 2595 1379 2636 πο·

208 2671 312 2761 broad
337 2679 415 2763 παρ’
440 2672 546 2763 alletia
568 2674 629 2764 τήν
651 2672 813 2746 σύνθεσιν
834 2672 999 2764 ἡδύνουσα
1028 2675 1089 2766 τήν
1104 2670 1272 2764 α’νρὸασιν,
1290 2671 1382 2742 κατὰ

116 2847 120 2860 ,
210 2757 247 2847 di
274 2779 316 2847 rei
332 2783 421 2866 μέλη
444 2787 512 2850 τῶν
534 2783 691 2867 φθόγγων
712 2793 770 2852 καί
793 2783 877 2852 κατα
901 2780 961 2861 τὰς
984 2795 1182 2874 σι”μμιτρίας
1210 2784 1385 2868 1⁸32·va-

205 2889 311 2972 poa«
352 2884 532 2953 Existimat
547 2886 650 2974 igitur
664 2882 857 2977 Dionysius,
881 2887 982 2956 etiam
1005 2886 1147 2956 orationi
1163 2883 1252 2956 civili
1268 2886 1386 2955 inesse

207 2996 359 3074 oportere
382 3006 581 3083 συμμετρίας
602 3000 670 3064 τῶν
692 3000 833 3086 ῥυθμοῖν
866 2995 887 3062 l.
912 3017 939 3063 υ.
979 3015 1198 3063 numerorum
1232 2992 1387 3081 aequali·

208 3099 301 3162 tetes.
337 3095 377 3163 Id
392 3095 505 3186 ipsum
529 3121 571 3167 ex
593 3099 659 3166 alio
676 3121 811 3189 quoque
828 3101 899 3169 loeo
915 3099 1135 3188 oogrroseitur,
1151 3099 1172 3169 l.
1190 3121 1217 3168 e.
1235 3105 1308 3186 oap.
1323 3098 1388 3180 25,

207 3198 266 3265 ubi
301 3223 389 3288 quae
423 3204 468 3270 sit
498 3205 688 3273 differentia
721 3205 917 3274 elocutionis
950 3207 1099 3295 poeticae
1122 3214 1156 3274 et
1178 3203 1390 3274 numeiosae

207 3304 374 3396 explicere
397 3309 524 3392 studet;
549 3311 808 3402 proprietatibus
831 3319 944 3382 autem
968 3311 1131 3382 sermonis
1151 3308 1273 3402 poetici
1297 3310 1393 3380 satis

208 3415 380 3503 expositis,
405 3426 444 3485 ut
466 3439 569 3508 supra
590 3419 658 3487 iam
682 3420 840 3496 vidimus,
873 3421 982 3511 pergit
1014 3421 1067 3490 his
1101 3419 1229 3493 verbis:
1267 3421 1310 3510 »ἦ
1344 3421 1392 3493 δὲ

209 3526 451 3616 πιπλανημένα
475 3537 580 3619 μίτρα
602 3540 659 3600 καί
681 3531 844 3610 ἀτάκτους
866 3527 1014 3623 ῥυθμσυς
1036 3525 1393 3622 ίμπιμλαμβᾶνσυσα

208 3639 266 3702 καί
287 3630 372 3724 μήτε
388 3632 597 3708 ἄνυλσνίίίαν
618 3639 824 3728 ἐμφαίνουσα
848 3638 968 3721 αὐτῶν,
990 3635 1073 3729 μήτε
1088 3635 1279 3730 ὅμυζυγίαν,
1297 3636 1395 3728 μήτε

208 3740 433 3834 ἀναστροφήν,
457 3739 624 3838 εὔρυθμος
645 3757 709 3830 μίν
730 3747 828 3829 ἔστιν,
860 3748 974 3837 duodo*
1009 3749 1287 3820 διαπεποίκιλταί
1318 3768 1396 3817 τισι

208 3853 355 3938 ρυίίμυις,
380 3841 439 3923 oda
462 3853 626 3942 ἷρρυθμυς
648 3855 694 3935 tt,
718 3855 832 3946 tutati
856 3857 927 3944 etp
948 3873 1014 3940 τοις
1036 3855 1149 3935 αὐτοις
1178 3853 1253 3926 atet
1290 3849 1397 3923 αατσῖ

207 3957 244 4025 τὰ
269 3957 384 4036 ailad«
421 3957 499 4027 Jam
521 3959 649 4049 liquere
671 3969 753 4051 puto
776 3984 857 4031 rem.
891 3961 985 4032 Sient
1007 3962 1098 4032 enim
1120 3961 1226 4031 oratio
1246 3958 1396 4051 poetica

138 4058 141 4064 ’
208 4071 316 4133 metra
338 4063 499 4134 continuo
522 4067 644 4170 repetit
665 4068 718 4138 vel
742 4068 958 4160 responsione
980 4070 1079 4140 eertis
1102 4069 1225 4160 regulis
1256 4069 1396 4138 eonsti-

209 4176 282 4240 tuta
307 4171 422 4257 utitur,
445 4172 494 4244 sie
516 4173 619 4246 etiam
642 4175 748 4247 oratio
770 4199 950 4268 rrurnerosa
984 4186 1091 4250 metra
1125 4176 1284 4271 postulat,
1325 4177 1396 4248 sed

208 4278 414 4369 vagabunda
436 4286 470 4351 et
490 4303 660 4368 numeros,
683 4284 743 4365 sed
765 4284 838 4356 sino
860 4286 978 4357 online
1000 4287 1218 4378 sumposion
1247 4294 1284 4355 et
1309 4288 1396 4355 rias

209 4389 594 4462 permenserunt
616 4399 651 4463 et
672 4395 853 4486 ὁμοζυγίαν
874 4393 998 4467 babere
1027 4395 1182 4488 quidem,
1214 4391 1278 4500 sed
1313 4415 1396 4466 non
