2922 5268
15 441 17 586 i

619 244 839 312 ...14-

139 463 317 522 numeros,
339 461 407 510 non
421 439 518 509 initis
532 445 663 509 tontum
679 443 759 508 sunt
772 436 983 508 observando
1005 443 1038 506 et
1052 437 1231 519 clausulae,
1254 437 1314 506 sed
1413 525 1415 530 Ι

140 559 250 618 totam
294 547 492 638 ponemus·
534 545 696 615 debemus
741 546 971 613 membrorum
1016 545 1312 627 continuationem,

138 655 238 747 quod
271 663 360 725 recte
393 655 562 746 perspexit
594 653 742 722 Blossius
780 661 814 721 et
847 651 1010 742 probuvit.
1067 652 1114 719 At
1147 651 1314 739 putaverit
1423 657 1433 689 “·

139 764 288 832 forsitan
311 763 443 851 uiiqrris,
467 762 671 851 superfluum
687 782 759 829 esse
782 782 907 828 novem
922 759 964 827 de
986 760 1053 828 hec
1073 780 1119 841 re,
1131 781 1164 828 >o
1187 759 1313 827 Blaesio

138 871 213 939 inm
235 870 318 938 sutis
339 869 575 948 demonstratu
599 868 869 956 disputationem.
918 867 1083 954 liquidem
1114 889 1183 934 non
1215 873 1312 953 puto;

139 997 226 1044 mm
248 975 311 1042 etsi
334 995 402 1042 non
425 995 522 1061 nego,
546 973 711 1042 Blossium
735 972 928 1062 opinionem
951 993 1047 1040 suum
1071 981 1105 1040 et
1126 972 1313 1040 doctrinam

138 1079 321 1174 permultis
343 1079 480 1170 quidem
503 1079 772 1170 comprobavisse
795 1079 975 1169 exernpfls,
998 1087 1112 1148 tanuen
1135 1079 1218 1146 hoec
1239 1079 1319 1166 ipse·

138 1188 302 1277 mpla
332 1187 412 1254 hinc
445 1186 524 1254 inde
556 1187 670 1275 petito,
704 1187 732 1253 si
765 1207 843 1254 cum
877 1187 1043 1254 universis
1076 1193 1337 1274 comparentur¹

138 1295 383 1364 Dmodnenn
415 1294 574 1382 reliquiis,
604 1313 713 1382 puuce
739 1291 999 1374 videturesse,
1031 1293 1079 1360 ita
1113 1300 1150 1360 ut
1182 1291 1313 1379 opinari

138 1401 252 1492 posuit
280 1401 413 1490 uliquis,
440 1399 672 1489 responsiones
701 1398 774 1466 iilos
797 1420 865 1467 non
888 1398 1000 1467 studio
1022 1404 1056 1466 et
1077 1398 1190 1467 dedito
1212 1419 1315 1488 opero

138 1511 250 1578 m
271 1529 345 1576 csse
375 1507 420 1574 ob
450 1513 589 1588 oremus,
624 1506 683 1574 sod
717 1507 854 1574 fortuito
881 1505 936 1573 hic
958 1506 1025 1573 illic
1048 1527 1120 1574 sese
1143 1505 1311 1573 obtulisse.

141 1613 193 1684 ut
222 1613 328 1701 igitur
356 1634 460 1702 ‹puum
492 1612 640 1680 inoxium
672 1618 857 1702 appareret,
889 1633 959 1680 non
986 1633 1078 1693 cusu,
1111 1611 1170 1678 sed
1192 1611 1234 1679 de
1265 1611 1312 1679 in·

140 1720 278 1790 drusio
305 1719 388 1788 tsies
414 1740 572 1788 numeros
594 1719 795 1809 compositos
817 1739 899 1800 esse,
933 1717 1118 1785 orationem
1140 1719 1312 1805 quondum

138 1827 190 1896 nb
220 1826 319 1895 initio
351 1826 525 1914 usquead
555 1827 656 1893 tinem
680 1824 971 1914 pervestigendum
994 1845 1066 1892 esse
1088 1823 1214 1904 cornui,
1244 1846 1313 1911 quo

139 1931 269 2002 durius
298 1939 562 2022 cognosceretur,
590 1953 660 2022 qus
692 1931 820 2000 ratione
853 1936 887 1999 et
914 1930 971 2000 vio
1001 1950 1197 2020 progressus
1227 1934 1314 1998 esset

141 2041 390 2110 Demosthenes
410 2039 446 2108 iu
469 2039 619 2108 numeris
641 2039 711 2106 suis
734 2039 984 2106 constituendis.

251 2147 339 2214 (inm
362 2146 544 2216 maximnm
567 2145 636 2214 ism
658 2146 875 2215 coniecissem
899 2144 1189 2214 commentationis
1211 2144 1313 2212 huius
1375 2186 1378 2192 -

141 2262 286 2347 partem,
318 2253 422 2324 edidit
443 2257 479 2323 0.
504 2255 545 2324 l).
569 2253 697 2349 Adurns
729 2254 879 2323 libellum
902 2255 944 2322 de
974 2252 1092 2322 codem
1124 2274 1159 2320 re
1181 2273 1313 2341 compo

141 2371 259 2445 ntum,
288 2363 350 2432 etsi
381 2363 466 2432 niine
497 2363 767 2432 intermiscentur
798 2363 967 2444 meterius,
993 2363 1065 2451 ‘tDe
1098 2359 1312 2450 periodorum

142 2471 265 2540 romu
279 2477 314 2540 et
327 2469 593 2540 suoeeosiouibus
608 2470 643 2539 in
659 2471 895 2540 Demosthenis
910 2471 1059 2540 oratione
1074 2467 1311 2538 Chersoniticu.

143 2578 258 2646 nuru
274 2579 371 2669 1891)
392 2585 494 2668 otrus
516 2560 662 2646 mnxirrse
684 2579 821 2666 gavisus
844 2601 930 2662 sum,
947 2577 1039 2669 quod
1058 2578 1114 2645 iiie
1128 2577 1181 2647 vir
1195 2575 1312 2643 doctus

142 2684 235 2756 idem
255 2693 358 2776 utque
372 2709 434 2776 ego
449 2685 491 2757 dc
506 2687 656 2757 numeris
678 2686 841 2758 intellexit
855 2695 889 2757 et
902 2688 1042 2769 censuit,
1065 2687 1113 2759 itu
1134 2694 1172 2757 ut
1186 2681 1312 2776 sperari

104 2783 110 2792 ’
142 2793 213 2862 'um
245 2793 352 2876 licent,
382 2795 452 2862 iore
475 2802 514 2862 ut
535 2795 697 2883 paulatim
720 2796 896 2885 opiniones
918 2796 960 2865 de
984 2801 1047 2867 huc
1070 2821 1115 2879 re,
1145 2794 1257 2864 studio
1279 2799 1314 2864 et
1351 2873 1356 2884 Ι

143 2901 258 2970 hbors
279 2899 487 2988 (dignissime
516 2901 619 2970 inisse
641 2923 815 2990 unguesque
837 2914 1040 2972 evarrcscmrt
1068 2913 1170 2992 utque
1192 2903 1342 3006 cedunto

142 3006 329 3074 sententiae
343 3027 450 3074 seruc.
468 3006 738 3096 vituperandum
754 3014 867 3076 nutem
883 3016 965 3099 puto
979 3010 1016 3077 in
1031 3009 1312 3078 commentatione

141 3113 211 3196 iiis,
233 3111 327 3202 quod
349 3112 523 3182 motorium
546 3113 595 3181 itu
615 3113 781 3203 disposuit
802 3116 952 3205 scriptor,
976 3124 1014 3185 ut
1028 3117 1163 3186 ditiiciie
1185 3125 1229 3192 sit
1251 3121 1312 3192 iec-

141 3219 208 3286 tori
229 3239 368 3308 quoque
398 3220 471 3288 loeo
502 3220 703 3309 intellegere,
733 3229 848 3290 utrum
875 3223 1066 3292 testimonie
1092 3246 1311 3300 numerorum

141 3325 357 3396 muntiant
377 3350 456 3395 cnm
475 3328 615 3396 oratoris
630 3329 742 3397 verbis
764 3351 885 3411 rseerre;
909 3352 990 3398 nom
1011 3331 1187 3401 intervallo
1209 3338 1311 3404 nimis

141 3451 270 3522 magno
295 3431 501 3503 didnruntur
530 3433 663 3505 numeri
689 3433 738 3507 ,nb
765 3435 914 3506 orutionc
945 3437 1029 3528 ipso,
1056 3458 1135 3508 cunr
1162 3439 1245 3514 heco
1274 3443 1310 3513 in

140 3541 241 3610 initio
272 3541 385 3621 libelii,
409 3541 466 3609 ¹illi
496 3544 533 3609 in
565 3545 632 3610 fine
663 3545 762 3630 positi
794 3545 870 3610 siut
916 3545 1053 3611 Rectius
1075 3551 1147 3612 erut
1168 3555 1202 3614 ct
1223 3557 1311 3616 certe

139 3645 253 3736 magis
274 3644 499 3736 perspicuum,
515 3646 637 3738 cuique
652 3647 812 3718 emtionis
826 3649 979 3720 membro
993 3649 1106 3720 statim
1122 3651 1310 3726 adscribere

138 3775 312 3836 nmmo,
333 3775 404 3844 qus
424 3754 482 3824 vis
502 3756 567 3844 ipsi
590 3765 706 3845 posteo
728 3759 989 3846 progrediemur.

249 3877 452 3970 Priusquam
474 3887 588 3949 sutem
610 3880 802 3950 uoeedimus
824 3881 869 3950 ud
884 3903 954 3952 rom
970 3883 1189 3976 propositum
1210 3905 1309 3974 quse

139 3983 287 4054 sudum
308 4007 383 4056 csso
403 3986 488 4055 mihi
503 3988 614 4056 uisum
634 3996 694 4070 est,
717 4010 787 4077 qus
805 3991 965 4059 mcusu'ru
988 3990 1176 4060 metiendus
1199 4002 1312 4062 esseut

139 4091 301 4182 syiinbsc.
322 4093 448 4182 quibus
469 4094 622 4164 membro
643 4095 874 4164 terminentur.
916 4095 1066 4187 Jossplry
1089 4097 1179 4168 enim
1202 4101 1309 4189 sequi·

138 4205 201 4266 tur
224 4197 472 4276 Quintilium
505 4199 665 4290 utiusque,
699 4200 759 4289 qui
790 4207 979 4290 postremos
1005 4202 1152 4292 syllabae
1178 4226 1310 4275 mensu·

139 4321 219 4372 nm
238 4322 309 4374 noo
341 4305 466 4376 muttit
487 4305 605 4376 dicum
626 4313 661 4378 et
685 4305 818 4378 dmm
850 4307 915 4380 hoo
946 4309 1047 4382 modo
1078 4311 1098 4382 t
1127 4333 1154 4382 c.
1183 4333 1216 4404 p.
1248 4311 1308 4384 et:

141 4409 258 4482 ndns
289 4433 357 4484 nur
386 4411 671 4506 invertendum
702 4415 766 4485 mit
797 4415 858 4488 dor
889 4411 1187 4492 mVerss‘chluss
1220 4425 1310 4491 suu
