2922 5268
629 216 853 287 -21-

152 449 197 478 =
219 426 360 491 τεθνᾶσι
388 423 438 510 νοῒ
467 418 535 489 δέει
556 443 601 476 ==
624 413 700 498 roric
729 410 930 497 ἀποστόλους
958 408 971 503 (
970 444 1230 470 -----
1232 408 1318 500 )1ιίο

152 533 204 594 est
233 523 460 604 efferendum,
493 522 555 591 etsi
585 521 651 590 elio
681 521 754 588 iem
773 520 982 608 disputatum
1011 527 1061 588 ost
1089 519 1162 588 loeo
1189 517 1230 586 do
1260 517 1319 586 hoo

153 630 316 702 membro.
364 631 389 719 ἕ
418 630 462 699 34
494 627 555 698 ool.
588 627 670 696 308:
706 623 776 698 elno*
807 630 875 697 τῶν
906 621 1069 720 ὖμεπέροον
1085 675 1092 694 .
1110 678 1118 694 .
1137 677 1168 694 ..
1192 627 1322 714 πολεμεῖ

152 737 340 829 σνμμᾶχεον.
397 737 421 825 ξ
457 737 517 804 23:
561 736 602 805 οολ
639 745 751 805 τοίνυν
784 727 865 806 οὗθ’
897 737 1019 826 ὑπέρον
1042 771 1084 784 -
1220 769 1261 784 -
1289 761 1319 803 rr

150 847 274 934 μισθὸς
310 837 387 917 sior
429 843 538 935 τροφή.
591 840 705 930 §toz
743 833 960 933 οἷνοηεὸπαεοο
996 871 1040 900 =
1076 841 1141 936 γάρ
1173 847 1255 912 ελσιν
1292 846 1321 910 ol

151 983 196 1012 =
225 953 473 1042 λογοποιοῦντες
509 946 590 1040 (w
602 985 646 1000 -·
663 978 735 1016 aaz
751 945 823 1040 -),
862 947 921 1015 ubi
950 946 1070 1029 verbu,
1104 969 1192 1036 quse
1223 968 1321 1015 sensu

152 1059 325 1147 iungendo
369 1065 467 1139 sunt,
513 1057 615 1125 etiem
655 1056 805 1125 numeris
842 1055 1075 1138 eontinentur,
1121 1052 1214 1144 quod
1256 1075 1322 1124 soe

126 1165 288 1257 ,pissime
311 1165 471 1249 oeomrin
494 1165 593 1256 §512
617 1159 727 1258 ὅσπερ
745 1165 825 1257 ἡμῖν
839 1173 943 1258 suppl
961 1194 1005 1223 =
1028 1190 1066 1235 ον
1087 1164 1125 1234 νδ
1141 1160 1184 1250 ui
1199 1165 1259 1246 ,θέλ
1279 1191 1323 1222 =

150 1275 232 1346 ποτ’
253 1274 387 1345 ἀκούειν
409 1275 486 1344 οἰδα
509 1271 610 1362 (w
624 1309 667 1324 -
681 1308 779 1324 ·--·
792 1271 851 1362 υ);
889 1271 1064 1340 Praetereo
1087 1270 1251 1340 eiusmodi
1275 1292 1320 1340 re

108 1381 350 1480 ¹‘sponsiones
372 1387 536 1451 occurant
557 1379 594 1449 in
617 1379 777 1450 membris
799 1380 860 1449 ol:
884 1379 979 1472 φύσει
994 1377 1168 1473 δ’ὒπάρχεο
1181 1429 1320 1447 .......

150 1491 194 1562 ui
229 1489 296 1561 νεῖν
330 1489 486 1563 ἀπόντων
519 1497 552 1558 et
583 1489 644 1558 52:
680 1501 737 1561 nul
770 1507 835 1568 rste
867 1491 1041 1561 tortosae
1053 1539 1172 1557 ......
1185 1487 1226 1560 roi
1255 1492 1324 1559 rein

150 1594 372 1688 ἀμελούντων.
1062 1625 1064 1631 “

261 1742 422 1812 Consulto
454 1747 583 1812 tentem
615 1732 810 1810 huiusmodi
838 1741 1069 1832 exemplorum
1096 1739 1228 1830 eopium
1249 1761 1325 1810 eon-

151 1848 250 1940 gessi,
283 1873 326 1921 ne
349 1845 438 1942 quis
455 1852 540 1920 iorte
562 1857 705 1940 putaret,
729 1848 934 1939 quibuedrun
964 1848 1046 1918 locis
1076 1847 1212 1918 fortuite
1243 1847 1326 1917 telos

120 2024 121 2028 ,
150 1957 316 2026 exstitisse
350 1980 536 2040 numeros,
569 1957 629 2026 sed
665 1979 864 2046 persuasum
897 1956 1024 2038 habeo,
1063 1955 1325 2026 Demosthenem

150 2062 273 2133 horum
296 2071 516 2135 numerorum
543 2063 817 2155 perspicuitatem
838 2064 965 2155 optime
987 2063 1238 2154 intelligentem,
1260 2063 1326 2132 hoo

150 2171 224 2261 ipso
248 2173 408 2262 rhythmo
441 2171 635 2261 saepissime
667 2193 769 2240 usum
791 2194 872 2241 esse.
919 2171 1052 2253 Quibus
1074 2171 1232 2240 omnibus
1253 2193 1326 2261 per·

152 2278 301 2346 haeretis
323 2279 393 2346 ium
414 2278 459 2347 ad
481 2281 584 2349 finem
606 2281 709 2349 huius
724 2280 766 2349 de
781 2301 923 2349 numero
939 2281 1071 2350 interno
1087 2277 1326 2369 disputationis

150 2383 366 2474 pervenimus
388 2405 428 2452 ee
450 2406 543 2453 nune
569 2385 724 2474 pmgredi
748 2373 912 2454 lieeat'od
934 2407 1010 2454 eom
1032 2383 1324 2455 eommentetionis
1383 2457 1385 2464 ,

150 2498 291 2580 portem,
323 2512 393 2580 que
415 2490 456 2561 de
473 2495 474 2498 ’
490 2514 632 2561 numero
661 2498 808 2574 externo,
838 2513 942 2581 quern
975 2489 1236 2582 appellavimus,
1252 2512 1325 2582 quo

149 2595 339 2696 iungrmtur
359 2597 576 2687 periodorum
597 2598 760 2683 membro,
783 2597 902 2686 egitur.

579 2940 898 2956 Μ

608 3237 712 3304 Pars
731 3243 870 3305 tertio.
981 3229 984 3238 ⁴

437 3335 536 3555 ¹ille
563 3404 763 3491 numeris
780 3403 1000 3513 extemIs.

606 3685 608 3690 ,
689 3601 712 3692 ξ
737 3602 787 3672 10.

255 3760 426 3830 Numerus
448 3767 607 3831 externus
628 3761 677 3829 ite
698 3761 851 3844 eilioitur,
881 3768 920 3830 ut
940 3761 1123 3851 portieulue
1144 3761 1326 3834 cuiusdam

149 3883 309 3962 mensure·
329 3867 395 3937 olio
410 3867 539 3958 periodi
555 3867 628 3938 looo
643 3873 820 3957 repetetur.
860 3867 962 3936 Modo
985 3874 1054 3938 totu
1067 3869 1136 3939 duo
1158 3867 1326 3950 membre,

148 3995 220 4044 sese
236 3973 446 4064 excipientis,
469 3973 595 4064 puriter
609 3980 735 4044 struete
749 3981 840 4058 sunt,
861 3997 949 4064 quse
964 3975 1137 4066 responsio
1153 3975 1327 4046 rarissime

149 4081 286 4169 quidem
316 4081 470 4166 ooeurn‘t,
503 4080 605 4152 modo
636 4081 813 4156 interduo
835 4081 988 4154 membru
1009 4083 1164 4172 oequolie
1185 4081 1328 4154 tortium

148 4183 363 4255 intereslotur
383 4186 585 4270 membrum,
617 4187 671 4256 his
693 4186 832 4280 quidem
854 4187 1041 4277 inaequale,
1064 4187 1124 4257 sed
1145 4208 1224 4258 oum
1245 4187 1328 4258 aliis

148 4291 277 4379 periodi
309 4291 461 4381 pertibus
492 4291 708 4383 responsione
744 4302 924 4364 numerose
956 4291 1185 4377 eoniunotum,
1219 4292 1347 4378 modo,

148 4393 244 4468 initio
274 4387 408 4469 tentum
429 4398 602 4472 veriorum
631 4398 861 4470 membrorum
884 4398 1089 4492 respondent
1117 4399 1192 4486 sibi,
1219 4399 1330 4471 modo
