2922 5268
167 433 292 512 exitus,
315 432 368 502 rel
389 433 498 502 exitus
519 431 728 520 adaequatus
750 440 801 502 est
830 432 926 502 initio
949 432 1091 502 membri
1114 433 1260 514 alterius,
1283 430 1338 502 vel
1371 481 1374 486 -

167 541 244 608 vies
272 561 378 612 versis.
412 539 512 606 modo
546 539 678 606 numeri
710 539 881 607 eonstituti
912 539 948 606 in
982 539 1102 607 mediis
1133 538 1338 626 quibusdem

168 644 332 714 membris
364 652 578 735 repetuntur:
612 667 700 734 quee
722 667 840 714 omnes
869 645 1020 715 eiusderu
1049 645 1181 734 generis
1211 644 1338 733 speeies
1384 630 1389 638 ¹

168 753 225 822 bie
261 753 405 841 saepius.
436 751 491 821 bie
513 753 621 821 rarius
642 759 831 833 occurrunt,
861 752 920 821 sed
943 774 1076 842 semper
1096 753 1143 820 ite
1164 758 1338 840 apparent,

168 864 209 926 ut
236 867 345 926 eertss
373 858 514 946 regulus,
549 879 635 946 ques
664 866 863 945 sequantur,
897 879 1007 946 neque
1039 857 1175 946 reperiri
1210 857 1369 944 possint

168 985 284 1051 necque
305 971 456 1052 oporteat
476 963 701 1032 invenientur.
743 957 853 1031 Nullo
867 963 1005 1051 quidem
1027 972 1078 1033 est
1100 961 1227 1051 periodi
1250 983 1338 1050 pers,

167 1067 226 1138 eii
249 1069 389 1136 omnino
409 1067 565 1158 abnegati
588 1069 656 1137 sint
685 1068 827 1151 numeri,
859 1069 919 1138 sed
946 1069 1068 1136 iterum
1095 1069 1284 1156 iterumque
1306 1073 1341 1135 et

167 1183 398 1245 commutetur
418 1175 633 1264 varieturque
654 1198 873 1244 numerorum
897 1198 987 1255 usus,
1015 1182 1049 1244 et
1071 1175 1127 1243 bio
1148 1175 1216 1244 illio
1237 1197 1339 1242 mem·

169 1280 273 1350 brum
305 1281 449 1350 oeeurrit
481 1280 517 1350 in
546 1284 696 1350 emtione
718 1303 796 1350 vere
819 1302 1008 1363 numerose,
1042 1281 1136 1370 quod
1157 1303 1197 1349 eo
1218 1286 1339 1348 omotu

168 1395 294 1466 mrem
315 1409 394 1456 oum
422 1387 458 1457 id
487 1388 601 1476 ipsum
623 1389 667 1456 sit
688 1389 897 1476 eloquentiae
920 1387 1065 1456 Asianee
1087 1389 1209 1456 vitium
1238 1387 1340 1455 mexi-

169 1513 280 1572 mum‚
302 1491 395 1581 quod
415 1493 576 1561 eontinuo
597 1492 634 1559 in
656 1492 774 1560 eodem
795 1499 948 1562 versetur
967 1515 1089 1580 genero
1111 1479 1348 1571 numerorumq

168 1597 267 1688 quod
286 1621 310 1666 e
331 1597 457 1667 Blessio
478 1599 547 1666 ium
562 1598 828 1667 demonstratum
850 1598 959 1668 estin
981 1599 1262 1668 commentatione
1284 1599 1339 1667 ille
1386 1619 1388 1624 ·

30 1791 31 1810 χ
168 1704 215 1774 de
238 1725 332 1773 num
355 1703 453 1774 Isoer.
479 1727 512 1794 p.
531 1705 571 1772 15
594 1727 643 1794 sq.
656 1703 818 1773 bibentes
840 1705 906 1788 illa,
930 1725 1035 1794 quem
1057 1725 1161 1793 supra
1182 1703 1330 1773 diximus

169 1810 376 1879 eoneedstur
395 1811 537 1879 orationi
560 1831 759 1879 numerosae
774 1819 914 1900 oportet,
937 1811 1002 1878 nisi
1017 1811 1175 1878 volumus
1197 1810 1342 1877 solutum

169 1914 360 1985 orationem
381 1915 452 1984 tisri
473 1914 713 1996 adulterinum·
729 1937 818 2005 ques
839 1922 1040 2002 argumente
1060 1914 1203 1983 humilia
1217 1922 1251 1984 et
1264 1914 1342 1984 eeti-

169 2020 279 2090 disns
299 2041 451 2088 semroue
472 2019 633 2110 depingat
654 2019 808 2089 euntibus
834 2027 1008 2110 [metemur
1031 2018 1212 2108 lyrieorum
1228 2017 1340 2108 digno.

171 2127 342 2196 Numeros
366 2126 413 2194 itu
442 2125 617 2195 adstrictos
639 2149 750 2215 neque
772 2127 934 2196 Isocrates
956 2125 1126 2196 affectavit
1147 2147 1257 2214 neque
1281 2125 1342 2194 De

171 2231 368 2301 mosthenes
389 2253 541 2321 unquam
564 2232 686 2301 talibus
708 2255 791 2301 usus
806 2239 866 2314 est,
890 2232 949 2300 sed
965 2232 1091 2321 ubique
1105 2237 1237 2320 gratem
1252 2231 1341 2298 inve·

172 2337 291 2406 nimus
313 2358 529 2406 numemrum
551 2338 857 2420 eornmutetionern.

283 2443 348 2513 Sed
370 2443 434 2512 hue
456 2443 498 2514 de
520 2467 556 2513 re
578 2452 704 2534 postes,
733 2445 762 2514 si
785 2444 970 2514 emtionem
993 2444 1101 2534 ipsam
1125 2442 1341 2532 perlustrave-

174 2549 294 2630 fimus,
328 2549 515 2617 securetins
547 2549 760 2632 doeebimnr;
793 2571 885 2618 nuno
919 2550 986 2617 elie
1018 2550 1149 2618 exsistit
1180 2548 1341 2640 quaestio,

173 2655 278 2742 longe
312 2655 464 2722 onmium
497 2655 702 2723 difficillimo.
755 2654 791 2721 Si
825 2655 916 2721 eninr
950 2677 1109 2722 numeros
1139 2653 1342 2742 quaerimus,

173 2757 348 2847 quomodo
368 2758 592 2826 adhibeantur
613 2759 649 2826 iu
671 2758 831 2826 membris
853 2758 1050 2840 ooniuuetis,
1075 2759 1222 2848 primum
1244 2779 1343 2846 quee-

175 2863 321 2932 rsndum
343 2886 416 2934 esse
438 2871 538 2954 petet,
561 2865 646 2954 quid
667 2864 742 2952 ipse
763 2862 916 2932 membru
937 2864 1013 2931 siut.
1052 2865 1215 2933 Rhetores
1230 2870 1343 2933 eutem

172 2977 308 3040 veteres
339 2969 382 3039 ds
414 2969 574 3038 membris
596 2969 842 3058 distinguendis
872 2969 966 3049 niun,
999 2969 1063 3037 nisi
1087 2971 1218 3058 regulas
1239 2991 1344 3056 vegas

174 3085 282 3165 smus
303 3075 536 3146 dissentientes
567 3076 654 3145 inter
684 3097 720 3144 se
749 3075 969 3155 eonstituissu
992 3073 1235 3146 demdnstravit
1256 3075 1344 3144 Bles-

30 3225 31 3288 ἒ
174 3182 251 3251 sius
272 3181 350 3273 (Au
364 3181 614 3252 Bomdsoiukeit
634 3181 688 3250 111·
708 3205 739 3272 p.
760 3181 854 3274 lob).
894 3183 980 3250 (turn
1003 3186 1117 3250 nutem
1138 3182 1278 3252 meximi
1302 3180 1345 3251 sit

30 3311 31 3380 5
175 3289 341 3358 uromenti
370 3289 454 3360 bueo
475 3290 704 3359 membrorum
726 3288 815 3358 iuste
837 3287 1006 3358 distinctio
1028 3287 1073 3356 ed
1095 3310 1254 3360 numeros
1275 3311 1344 3360 ore·

30 3395 31 3424 ¹
176 3395 282 3464 tionis
302 3393 430 3464 solutes
451 3395 684 3485 intelligendos
706 3401 861 3484 reeteque
880 3394 1085 3476 sumendos,
1109 3395 1233 3484 regulis
1247 3395 1345 3466 sertis
1413 3477 1416 3484 Ι

30 3497 31 3502 ’
177 3501 226 3572 ds
246 3501 310 3572 beo
331 3523 367 3572 re
389 3522 501 3572 enrere
523 3501 663 3571 minime
686 3521 874 3591 possumus.
920 3501 1056 3590 Optime
1078 3499 1181 3590 igitur
1206 3501 1346 3572 meritus

177 3615 234 3680 est
262 3607 316 3679 bis
345 3607 383 3678 in
404 3607 505 3680 rebus
522 3607 737 3699 ,inquirendis
759 3605 918 3691 Blessius,
941 3608 1001 3698 qui
1023 3607 1177 3700 pluribus
1199 3608 1345 3701 disputo

177 3713 329 3786 tionibus
365 3714 456 3805 leges
492 3714 721 3785 membrorum
758 3721 846 3785 reete
879 3713 1193 3806 distinguendorum
1230 3713 1347 3786 stetuit

177 3830 335 3913 qmtuor,
357 3843 444 3912 ques
465 3821 577 3892 attulit
597 3819 726 3922 Adrum
747 3819 768 3892 l.
792 3843 820 3892 o.
843 3845 877 3912 p.
900 3822 962 3893 bb:

290 3946 319 4016 1.
343 3943 472 4016 Divisio
494 3967 555 4038 per
580 3943 833 4038 respirationem
862 3945 1049 4018 neeessmio
1070 3951 1103 4017 et
1133 3943 1178 4016 sd
1208 3965 1346 4017 sensum

178 4061 263 4146 apr·
284 4061 445 4126 estesse
602 4141 606 4150 Ι
776 4105 793 4136 ,

287 4161 318 4230 2.
341 4159 466 4230 Histris
487 4160 525 4228 in
546 4161 614 4230 dns
634 4158 778 4230 membri
800 4161 1012 4250 pennittitur.

287 4269 319 4337 d.
342 4265 427 4337 'tres
457 4265 604 4356 syllsbes
636 4266 755 4338 breves
782 4267 820 4338 in
849 4267 917 4340 flue
943 4267 1086 4340 membri
1108 4269 1348 4360 permittuntur

146 4355 243 4444 'ns
261 4371 427 4444 dudone
451 4372 541 4442 ue·
562 4371 720 4444 deum.
1181 4381 1185 4390 ·
