2922 5268
114 458 297 522 nantum.
319 431 504 508 dummodo
525 457 569 506 ne
595 433 795 507 continuum
824 432 884 518 sit,
918 430 955 505 in
988 430 1148 506 orationis
1182 427 1282 503 leude

116 553 293 638 ponetur«
330 543 423 626 Quid
443 551 557 613 autern
579 543 644 614 sub
665 545 799 614 aurium
814 566 1009 612 mensurum
1023 545 1141 612 cadere
1163 549 1282 632 potest,
1416 629 1417 634 ἵ

118 653 207 744 qnid
228 653 368 724 omnino
389 651 498 722 metiri
521 673 711 742 possumus,
734 650 799 722 nisi
826 651 926 734 illud,
957 651 1049 742 quod
1077 651 1282 741 principium
1373 655 1375 660 '

114 760 240 832 habeat
259 759 444 832 metiendi?
496 759 537 829 Id
558 782 638 830 vero
672 760 876 851 principium
911 781 1019 829 unum
1048 759 1093 841 sit
1125 766 1159 828 et
1191 759 1282 827 idem

114 869 152 939 in
188 889 394 958 unaquaque
428 869 677 937 mensuratione
710 889 845 936 neeesse
873 876 924 936 est
946 889 1057 956 neque
1079 888 1151 935 esse
1173 873 1283 955 potest

115 976 153 1044 in
175 973 330 1058 dicendo,
364 974 429 1043 nisi
464 973 628 1064 particula
649 974 833 1065 quaedam,
857 995 944 1063 quae
978 980 1156 1064 repetatur.
1202 971 1282 1041 Ideo

115 1081 302 1150 rectinime
325 1081 472 1170 postulat
492 1081 608 1148 Cicero
630 1081 807 1150 interualla
827 1081 991 1168 aequalia,
1026 1078 1151 1168 quibus
1183 1079 1282 1167 porti·

114 1185 214 1257 culae
236 1186 428 1258 efficiuntur
448 1185 614 1274 aequales.
653 1185 782 1270 Eadem
804 1187 873 1255 iere
896 1186 1062 1256 sententia
1083 1186 1227 1256 occurrit
1245 1185 1282 1255 in

58 1289 64 1298 '
115 1291 204 1360 libro
225 1293 268 1360 de
289 1299 371 1360 orat
395 1291 444 1358 111
466 1292 579 1380 fisso,
604 1291 662 1359 ubi
683 1293 783 1360 haee:
811 1292 999 1360 »distinctio
1021 1300 1055 1360 et
1076 1292 1281 1380 aequalium,
1340 1371 1342 1379 Ι

114 1405 151 1466 et
171 1418 273 1486 saepe
294 1397 465 1465 variomm
486 1397 738 1465 intervallorum
770 1398 957 1487 percussio,
992 1419 1173 1466 numerum
1207 1419 1282 1465 oon·

115 1503 196 1582 licit
218 1523 321 1591 quern
343 1501 380 1568 in
402 1499 598 1570 cedentibus
630 1501 745 1588 guttis,
778 1501 871 1590 quod
903 1502 1088 1570 intervallis
1122 1501 1282 1588 distingu-

30 1595 36 1611 '
115 1617 232 1688 untur,
254 1614 371 1676 notare
392 1629 582 1696 possumus,
605 1607 641 1674 iu
668 1607 761 1675 amni
792 1607 1032 1697 praecipitante
1065 1629 1135 1674 non
1169 1629 1282 1697 possu-
1391 1679 1394 1684 ,

116 1734 226 1782 mos«
273 1713 360 1782 Eone
392 1713 555 1800 optimam
591 1713 889 1803 comparationem!
935 1713 1029 1782 Sicut
1062 1714 1153 1783 enim
1186 1721 1284 1802 gutta

117 1829 251 1907 guttam
273 1821 426 1908 sequitur
446 1820 630 1888 intervallis
650 1820 858 1906 sequautur,
881 1821 930 1888 sic
951 1820 988 1887 in
1017 1821 1167 1888 numeris
1196 1820 1283 1888 bene
1317 1813 1321 1822 '
1357 1869 1363 1882 .

120 1925 273 1996 umetis
294 1925 458 2016 particula
479 1947 541 2015 par
563 1932 724 2014 sequotrrr
745 1947 861 2014 parem
882 1926 964 1995 vult
1011 1925 1105 1995 Idem
1135 1927 1204 1994 iere
1233 1933 1284 1995 est

116 2033 153 2100 in
167 2033 260 2101 Orat
277 2033 397 2120 §1982
423 2032 500 2099 »scd
515 2033 626 2100 omnis
641 2055 702 2099 rroc
717 2033 909 2100 claudinum
925 2055 986 2100 ricc
1001 2032 1098 2121 quasi
1116 2033 1283 2099 fluctuans
1342 2095 1348 2108 ,

119 2145 153 2208 et
186 2137 371 2228 acqualiter
409 2145 667 2226 eonstauterque
700 2137 892 2224 ingrediens
924 2159 1105 2207 numerosa
1141 2136 1284 2206 habetur

37 2333 42 2342 Ι
116 2245 233 2314 mue.
279 2245 391 2333 Atque
415 2243 450 2312 id
472 2244 508 2312 in
530 2243 673 2312 dicendo
695 2265 913 2313 numerosum
936 2250 1082 2334 putatur,
1099 2266 1167 2312 non
1190 2244 1283 2332 quod

118 2358 227 2420 totum
260 2357 391 2421 constat
424 2372 444 2420 e
476 2350 635 2431 annueris,
670 2349 729 2418 sed
762 2350 855 2439 quod
881 2350 926 2420 ad
948 2372 1107 2420 numeros
1129 2351 1281 2440 proxime
1349 2411 1352 2418 ,

20 2461 21 2472 ’
116 2458 275 2528 accedit«
315 2457 382 2525 Sed
403 2479 573 2546 nonquam
594 2457 801 2544 ingredietur
818 2457 1002 2546 aequaliter
1023 2463 1282 2545 constanterque

118 2563 237 2642 oratio.
271 2563 336 2632 nisi
365 2562 493 2652 gradus
525 2563 660 2631 coniicit
691 2563 849 2651 aequales
871 2563 892 2631 i.
916 2586 944 2632 e.
980 2562 1045 2631 nisi
1076 2570 1207 2631 constat
1239 2584 1282 2630 ex

121 2669 294 2758 particulis
313 2668 497 2758 aequaliter
518 2668 783 2760 procedentibus.
823 2669 935 2737 Etiam
957 2668 1145 2738 accuratius
1167 2674 1282 2736 autern

120 2775 255 2844 dimerit
274 2775 389 2845 (deero
422 2775 465 2844 de
497 2777 561 2844 hac
594 2775 794 2864 aequalitate
826 2776 902 2844 diis
924 2775 1096 2844 nomrullis
1129 2775 1220 2855 loeis,
1244 2782 1282 2843 ut

119 2881 211 2950 Orat
233 2881 258 2970 ᾗ
281 2881 360 2949 uo:
387 2881 503 2963 »Nan
527 2888 567 2951 ut
587 2880 688 2970 paulo
710 2887 788 2950 onte
809 2877 891 2962 dixi,
925 2880 1020 2971 peria
1058 2880 1196 2972 paribus
1226 2880 1281 2950 od·

119 2987 235 3056 inodo
255 2995 290 3056 et
310 2987 462 3056 similiter
475 2987 622 3066 delinita,
638 2988 786 3074 itemque
801 2987 975 3056 contrariis
990 2987 1094 3055 relata
1105 2988 1281 3068 contraria,

119 3115 209 3181 qnae
230 3113 293 3162 ms
313 3099 433 3182 sponte
447 3131 491 3144 -
513 3093 615 3162 etiarn
637 3092 665 3161 si
687 3091 723 3160 id
738 3113 806 3160 non
821 3113 912 3180 agas,
935 3093 1062 3161 cadunt
1083 3094 1282 3182 plerumque
1317 3176 1320 3183 Ι

120 3221 314 3278 numeroso.
337 3198 479 3284 Gorgias
513 3198 643 3287 primus
676 3198 836 3266 invonit«
883 3199 1061 3278 Quomodo
1094 3200 1283 3267 ercanradus

120 3303 232 3374 dicere
253 3303 372 3394 potuit
394 3303 565 3394 quomodo
586 3303 718 3385 clodus,
741 3304 911 3394 quomodo
933 3303 1140 3394 simplicius?
1184 3305 1284 3375 Paria

122 3411 262 3502 pannos
282 3421 364 3482 surrt
382 3411 608 3502 adiungenda,
631 3412 783 3502 singulae
815 3419 926 3502 partes
948 3409 1100 3482 similiter
1121 3421 1202 3483 sunt
1230 3413 1283 3483 de

122 3519 298 3604 liniendae,
320 3519 349 3590 si
371 3521 501 3592 efficere
515 3520 568 3591 vis
581 3520 767 3592 orationem
781 3543 959 3591 numerose
973 3520 1156 3593 cadentem.
1187 3521 1283 3591 Idem

122 3629 191 3700 lere
211 3629 356 3700 occurrit
375 3627 396 3698 l
420 3649 448 3700 a
470 3630 495 3719 ς
516 3631 599 3700 22οε
626 3630 732 3699 »Nam
755 3651 833 3700 cum
864 3637 924 3700 aut
953 3652 1014 3722 par
1035 3629 1109 3720 pari
1132 3629 1283 3713 refertur,

121 3745 182 3806 ant
202 3737 407 3806 memnon
428 3737 594 3806 contrario
608 3738 800 3828 opponitur,
815 3745 876 3806 aut
889 3760 977 3828 quae
992 3737 1145 3807 sirniliter
1158 3734 1286 3806 cadunt

122 3842 235 3924 verita.
257 3843 368 3914 verbis
388 3851 635 3934 comparautru,
650 3842 818 3934 quidquid
836 3845 884 3915 ita
898 3843 1118 3928 concluditur,
1141 3843 1283 3934 plerum·

122 3973 190 4040 qne
211 3951 258 4032 nt
281 3959 321 4020 ut
339 3971 518 4020 numerose
539 3951 666 4021 cadat«
711 3949 758 4021 At
778 3951 821 4020 de
842 3951 1002 4023 euusutu
1024 3960 1156 4022 tantm
1180 3950 1283 4042 loqui·
1342 3943 1345 3952 '

123 4065 179 4126 tur
199 4057 314 4127 Cicero
336 4057 402 4128 hoc
422 4057 505 4142 loca
527 4057 685 4130 obiecerit
706 4057 845 4128 iorsitan
872 4059 1003 4150 aliquis.
1050 4059 1103 4129 Sit
1129 4060 1192 4140 ita;
1225 4057 1285 4128 sed

121 4163 207 4256 qnid
227 4163 272 4235 ad
293 4166 387 4238 nar?
420 4165 476 4236 dn
490 4165 577 4236 alius
592 4173 644 4237 est
664 4165 901 4252 clausulamm,
923 4167 1010 4239 alius
1033 4167 1135 4238 totius
1157 4165 1285 4260 periodi
1343 4181 1346 4188 '
1371 4167 1374 4174 ’

123 4275 307 4342 amerus?
328 4273 437 4343 Nemo
450 4273 618 4344 concedet
641 4273 740 4356 Quod
756 4275 888 4366 ergode
903 4275 1129 4347 clausulamm
1144 4295 1286 4346 nurnero
1377 4317 1382 4326 ·

122 4379 1251 4476 didtrraidnoominuedeomninumerodictumes'sepstet
